2940 5032
158 421 211 462 ur».
225 405 277 492 xi]
441 424 486 474 nn
505 423 717 475 Porssrnrn
735 423 835 474 ΡΑΡΕ.
1285 422 1342 483 ²9¹

229 582 262 643 lo
292 589 328 643 et
350 582 429 643 lana
453 600 492 643 ac
515 581 601 644 func
624 581 830 644 balancium.
864 579 940 643 Nec
964 578 1130 659 sandalia,
1154 593 1205 636 Tae
1219 593 1327 639 sanans.

282 685 397 748 missis
414 687 573 768 prelatus
589 685 713 765 induit,
737 685 878 769 signant
892 684 1131 766 precellenter

307 790 434 852 ¹ionem
456 789 688 852 affeccionum
710 790 746 851 in
772 789 998 872 evangelium
1020 787 1130 871 pacis,

349 895 484 957 dinatus
501 904 670 976 sequatur
687 914 766 957 eum
782 894 945 956 faciendo
962 893 1130 956 similiter.

404 998 605 1060 linicionem
622 1017 797 1060 cesaream
816 997 955 1079 sopitur
971 995 1128 1075 affeccio‚

344 1104 388 1164 ud
405 1102 558 1164 officium
583 1111 621 1166 et
637 1103 772 1164 duabus
796 1102 863 1164 viis
885 1102 921 1165 in
938 1101 1129 1165 volucione

277 1227 346 1269 „ma
391 1207 575 1269 titubando
626 1206 841 1289 proceditur.
891 1206 996 1270 Mitra
1040 1227 1128 1270 vero
1171 1217 1311 1263 Thelliue.

212 1323 313 1374 ,mata
345 1332 416 1374 non
448 1312 565 1394 signat
597 1331 682 1374 vere
716 1311 901 1393 utriusque
925 1311 1129 1374 testamenti

144 1417 334 1477 secundum
360 1416 451 1478 duos
475 1416 718 1479 semicirculos
742 1415 938 1499 perfectam
962 1415 1128 1479 noticiam

108 1521 365 1601 ropastoralem,
390 1521 455 1582 sed
479 1521 688 1583 mundanam
710 1519 949 1602 prudenciam,
979 1541 1049 1602 que
1073 1529 1129 1583 est

141 1632 291 1704 terrena,
315 1624 472 1686 animalis
490 1634 526 1686 et
542 1624 730 1707 dyabolica
746 1625 789 1686 ad
805 1624 1037 1687 fraudandum
1057 1633 1127 1687 tam

141 1729 288 1811 prioreS,
304 1728 493 1811 preteritos
510 1749 614 1810 quam
630 1737 832 1811 sequentes.
850 1727 1027 1811 Cyrotece
1039 1749 1126 1791 vero
1157 1755 1208 1800 rh,
1223 1756 1317 1802 ΟΜ,

141 1852 208 1913 que
248 1833 430 1915 signarent
467 1832 691 1915 operacionis
733 1831 942 1895 mundiciam
985 1833 1128 1916 signant

139 1937 329 2018 potestatis
345 1937 565 2000 velacionem
590 1945 626 1999 et
649 1936 865 2019 sanguinosa
889 1956 1000 2019 opera
1015 1938 1126 2019 prela·

104 2048 262 2106 ntorum.
317 2041 464 2104 Pallium
514 2061 601 2104 vero
656 2040 927 2123 archiepiscopo
982 2043 1126 2105 novello
1179 2052 1232 2097 The
1245 2053 1300 2098 Pul·

140 2146 323 2220 adiectum,
361 2165 433 2207 non
465 2145 583 2227 signat
614 2145 870 2227 plenitudinem
909 2144 1126 2209 fortitudinis

141 2257 176 2312 et
197 2249 388 2332 potestatis
422 2269 501 2312 cum
525 2249 687 2329 sciencia,
721 2269 800 2313 cum
832 2249 905 2312 vite
934 2248 1126 2331 asperitate

139 2363 244 2437 atque
268 2354 464 2436 prudencia
487 2354 530 2416 ad
552 2355 758 2436 regendum,
781 2355 847 2416 sed
863 2363 1010 2417 econtra
1031 2353 1126 2418 forti·

139 2458 294 2521 tudinem
317 2459 468 2521 humane
489 2458 693 2541 prudencie,
717 2460 761 2521 ad
783 2457 1038 2522 tribulaciones
1061 2478 1126 2541 pro

99 2586 130 2624 πο
138 2563 393 2646 temporalibus
410 2562 649 2626 sufferendum
666 2574 704 2625 et
718 2573 758 2628 ut
769 2562 947 2646 cingulum
959 2563 1125 2646 equinum

139 2670 181 2731 ad
205 2689 295 2732 onus
320 2668 402 2751 equi
434 2677 471 2731 et
493 2668 656 2731 mulicum
690 2669 886 2750 prudencia
909 2668 1021 2732 seculi
1043 2687 1123 2750 sup·

137 2774 358 2855 portandum.

88 2883 112 2939 3⁴
178 2879 225 2942 Et
240 2878 371 2941 utinam
382 2879 582 2941 decretales
602 2879 607 2958 Ι
628 2877 792 2960 epistole,
810 2877 855 2940 de
872 2876 1000 2959 quibus
1010 2876 1124 2960 primo
1184 2887 1254 2933 Since
1269 2901 1303 2933 we

137 2983 379 3045 decretalium:
402 2984 460 3045 De
481 2982 669 3045 autoritate
687 2990 723 3044 et
739 3001 804 3045 usu
820 2981 924 3063 pallii.
947 2982 998 3045 Ex
1012 2987 1125 3045 tenore
1144 2941 1332 3049 thfflei'fficstnffigd

97 3099 125 3151 25
137 3107 214 3150 cum
237 3087 326 3150 locis
350 3086 521 3150 similibus
543 3087 781 3150 rectificarent
808 3106 910 3149 usum
934 3086 1124 3169 spiritualis
1144 3046 1329 3193 s'ilffrhillloii

135 3192 241 3274 pallii,
275 3191 418 3255 dimisso
443 3191 559 3254 venali
586 3191 694 3274 pallio
729 3191 915 3273 corporali.
948 3191 1007 3256 Sic
1032 3191 1124 3254 enim
1179 3158 1290 3205 “ugr''

134 3304 389 3377 pervertuntur
411 3295 628 3358 mendaciter
648 3295 750 3379 signa
765 3295 1012 3377 generacionis
1029 3296 1122 3359 adul·

134 3408 221 3478 tere,
255 3401 352 3482 quod
375 3400 488 3464 minus
512 3399 712 3462 accusabile
735 3399 840 3462 nobis
864 3400 958 3463 foret
989 3408 1123 3463 tantum

135 3505 355 3568 committere
366 3514 403 3567 et
413 3504 575 3567 omittere
587 3505 632 3567 de
643 3504 785 3587 signato
802 3505 879 3567 sine
890 3505 1123 3567 accusacione

95 3608 317 3682 tomendacii,
357 3629 461 3691 quam
499 3611 595 3692 quod
633 3617 768 3673 tantum
806 3609 979 3673 mendacii
1011 3608 1123 3672 sitin

134 3713 257 3796 signis.
281 3713 348 3776 Est
364 3713 455 3776 enim
471 3713 658 3796 perversio
683 3715 900 3796 prelatorum
917 3712 1123 3795 simpliciter

133 3817 246 3899 signis
271 3817 453 3899 contraria,
475 3825 515 3880 ut
538 3817 714 3901 contingit
735 3818 771 3880 in
794 3818 864 3881 isto
887 3817 1051 3880 metrico:

187 4157 204 4189 ι.
234 4144 279 4188 Hic
306 4145 371 4187 locus
399 4150 525 4199 corruptus
552 4156 604 4188 esse
631 4144 730 4189 videtur.
771 4144 848 4188 Codd.
872 4145 895 4186 in
928 4154 1014 4197 merra:
1038 4141 1121 4190 Mltrn.

133 4212 290 4259 12.0odd.in
303 4226 389 4268 marga
402 4212 520 4269 Cyrotece.
569 4213 602 4257 15.
614 4212 690 4257 Codd.
704 4213 727 4257 in
743 4225 830 4268 margi
850 4212 946 4256 Pullum.

185 4355 832 4422 mmwffimmwfflwm

967 4440 1019 4510 19*
