3008 5026
152 369 222 416 em.
236 355 291 445 vr]
454 375 499 425 ue
518 374 732 425 rorssrare
750 377 851 428 aare,

153 541 228 598 tate
251 532 311 594 vel
333 529 477 595 racione
501 529 565 611 sui,
590 531 656 594 sed
678 530 824 596 racione
847 533 1021 596 sermonis
1044 533 1149 616 primi

154 636 315 715 dicentis,
337 635 515 699 credenda
531 643 587 699 est
601 636 736 700 veritas
752 656 857 720 quam
870 635 951 721 ipse
966 636 1150 703 balbuciet

153 740 375 806 menciendo.
397 739 546 802 Revera
562 738 624 822 qui
645 739 832 804 convictus
855 749 913 805 est
934 742 1090 804 mendax
1112 742 1149 806 in

154 864 266 929 opere
298 845 357 907 vel
389 862 565 923 sermone,
597 851 785 926 antequam
816 844 1025 929 purificetur
1053 846 1149 929 quic·

130 948 241 1033 §quid
264 948 397 1012 dixerit
420 956 478 1011 est
500 956 715 1030 suspectum.

197 1053 298 1133 Item,
330 1052 361 1116 si
393 1050 545 1135 quilibet
571 1071 665 1135 papa
696 1053 846 1117 haberet
876 1062 1009 1118 tantam
1041 1063 1147 1137 pote·
1176 1073 1199 1117 1r
1210 1073 1250 1118 ue
1264 1073 1346 1129 popeu

155 1166 283 1223 statem
322 1156 510 1221 edificandi
548 1157 733 1220 ecclesiam
771 1167 808 1220 et
846 1157 1017 1241 quicquid
1055 1158 1148 1223 aliud
1184 1126 1345 1233 .ῗῖἒίῧὲἶῖιὲ

154 1263 307 1327 faciendi
331 1283 411 1326 cum
434 1261 567 1327 sanctis
591 1260 764 1344 apostolis
788 1271 927 1326 etcum
950 1282 1022 1326 non
1043 1283 1147 1327 exce·
1184 1230 1347 1328 wifriffissr

65 1374 128 1444 189·
155 1365 1147 1450 deretMattheum,J0hannem{etceteroscitraPetrum,
1165 1335 1362 1433 miriaiuiissmy

115 1496 145 1530 10
155 1473 297 1537 videtur
312 1473 420 1555 quod,
437 1471 529 1536 sicut
545 1490 669 1534 omnes
686 1470 742 1534 alii
756 1471 921 1554 apostoli,
939 1480 979 1535 ut
992 1471 1149 1554 fingitur,
1210 1441 1313 1498 ΨΜ·

156 1587 256 1642 erant
285 1577 431 1641 minoris
463 1575 681 1640 auctoritatis
713 1596 818 1659 quam
850 1576 990 1659 PetruS,
1028 1578 1080 1641 sic
1112 1584 1150 1640 et

156 1682 308 1767 quilibet
337 1701 434 1765 papa
461 1681 578 1764 ipsum
605 1681 813 1744 succedens.
851 1678 891 1745 Si
917 1679 1028 1764 igitur
1055 1701 1150 1765 papa

154 1789 263 1852 habet
295 1786 540 1851 auctoritatem
573 1785 803 1849 canonizandi
835 1783 1009 1868 epistolas
1040 1784 1149 1862 Pauli,

157 1893 253 1976 quod
285 1891 365 1975 ipse
397 1911 470 1955 non
500 1890 633 1972 habuit,
666 1889 749 1974 quia
780 1899 865 1954 tunc
893 1889 989 1952 foret
1014 1909 1082 1973 per
1108 1908 1148 1952 se

116 1996 365 2080 15autenticus,
397 1995 541 2060 videtur
573 1997 670 2079 quod
694 1994 845 2079 quilibet
875 2013 971 2078 papa
992 2013 1149 2077 sequens

156 2122 296 2167 omnem
307 2103 506 2185 apostolum
529 2098 617 2165 citra
631 2100 779 2164 Petrum
800 2099 1010 2163 auctoritate
1027 2118 1149 2161 exces-

154 2217 261 2282 serat,
284 2216 322 2271 et
344 2205 396 2269 sic
419 2206 617 2269 decretales
641 2213 762 2268 essent
785 2204 927 2269 maioris
951 2202 1149 2268 autoritatis

155 2333 259 2396 quam
283 2319 436 2395 quatuor
459 2309 646 2393 evangelia
669 2318 706 2373 et
721 2309 816 2392 paris
833 2308 1051 2373 auctoritatis
1068 2328 1147 2372 cum

154 2416 254 2481 Petri
277 2413 449 2498 epistolis.

112 2541 145 2577 ²0
198 2519 272 2586 Sed
296 2520 524 2584 deliramenta
556 2528 639 2583 sunt
659 2518 736 2604 ista,
765 2539 844 2583 cum
873 2528 948 2584 tota
970 2519 1146 2602 scriptura
1213 2535 1252 2579 Αιι
1266 2537 1305 2579 me

155 2624 249 2708 capit
270 2625 484 2709 parilitatem
522 2625 742 2688 auctoritatis
770 2645 790 2687 a
827 2622 963 2709 Spiritu
1002 2624 1145 2704 Sancto,
1155 2587 1362 2698 esqifil'i'iiuio'niys,

155 2751 261 2814 quem
284 2731 461 2795 credimus
486 2730 561 2794 eius
585 2740 754 2795 autorem.
778 2730 856 2794 Nec
880 2731 986 2794 credo
1000 2731 1144 2794 beatum
1160 2706 1186 2736 ⁸⁸
1200 2694 1357 2800 3353„

154 2835 300 2899 Petrum
323 2836 434 2900 fuisse
457 2835 598 2899 maioris
623 2835 842 2900 auctoritatis
865 2856 970 2919 quam
993 2843 1145 2914 ceteros,

155 2941 238 3025 quia
261 2961 335 3023 ore,
358 2939 470 3023 digito
495 2948 532 3003 et
547 2939 759 3004 auctoritate
774 2939 919 3003 Domini
937 2937 1047 3002 locuti
1062 2947 1146 3002 sunt

113 3048 193 3111 25et
223 3046 385 3109 fecerant
416 3043 511 3108 facta
537 3065 610 3108 sua.
648 3044 734 3109 Ideo
762 3043 953 3107 auctoritas
976 3043 1046 3106 Dei
1072 3062 1146 3106 non

154 3150 253 3234 cepit
275 3149 388 3234 magis
411 3152 469 3213 vel
493 3149 607 3212 minus
630 3149 666 3213 in
688 3149 787 3232 ipsis.
811 3148 889 3212 Nec
913 3147 1037 3230 aliquis
1061 3166 1144 3230 apo-

154 3256 269 3320 stolus
300 3255 337 3318 in
369 3263 538 3338 quantum
570 3254 628 3317 illa
659 3253 798 3337 privata
825 3272 981 3335 persona
1012 3253 1076 3314 sed
1108 3251 1144 3315 in

154 3368 323 3443 quantum
337 3361 445 3422 homo
462 3358 613 3438 divinus,
629 3367 670 3422 ut
683 3358 842 3441 loquitur
857 3355 1080 3439 Augustinus
1091 3355 1144 3419 IV

153 3467 211 3529 De
233 3464 407 3528 Doctrina
431 3464 619 3527 christiana
642 3484 717 3546 cap.
740 3462 808 3538 VI;
832 3464 891 3525 vel
914 3461 950 3524 in
973 3471 1144 3544 quantum

113 3575 145 3625 30
155 3569 315 3634 Christus
337 3568 597 3653 participative,
620 3576 659 3631 ut
681 3569 876 3651 loquuntur
898 3565 999 3629 multi
1021 3565 1144 3646 sancti,

154 3684 194 3739 ut
216 3674 268 3738 sic
279 3674 446 3758 (inquam)
462 3681 546 3738 sunt
561 3693 685 3736 omnes
696 3671 791 3756 paris
807 3670 1037 3754 auctoritatis,
1053 3690 1144 3734 unus

154 3781 198 3844 ad
220 3800 327 3842 unum
351 3786 389 3841 et
411 3778 497 3841 alius
520 3777 565 3840 ad
584 3776 687 3853 aliud,
712 3778 906 3840 secundum
930 3779 1028 3859 quod
1043 3777 1144 3841 Deus

155 3885 207 3949 eis
241 3883 411 3947 diviserat
432 3883 526 3946 dona
548 3903 620 3966 sua,
653 3891 689 3946 et
712 3881 883 3965 quicquid
912 3880 1037 3964 aliquis
1061 3901 1143 3963 apo·

154 3990 268 4054 stolus
291 3999 330 4053 ut
357 3988 436 4053 talis
464 3987 596 4053 dixerit
624 3997 680 4053 est
701 3987 797 4072 paris
820 3986 1040 4052 auctoritatis
1064 4007 1144 4051 cum

208 4278 241 4310 ιο,
265 4265 305 4308 ΑΒ
329 4265 352 4309 in
377 4276 463 4322 murga
492 4264 645 4308 Auctoritatis
666 4264 734 4319 paris
755 4267 808 4307 ruat
829 4263 946 4318 scripture
972 4262 1142 4318 apostotorum.

155 4335 193 4380 26.
209 4334 238 4378 B:
254 4335 277 4377 t'n
291 4335 414 4389 episcopis.
469 4332 503 4378 31.
519 4332 548 4376 B:
564 4334 720 4389 inquantum.

205 4412 362 4451 neromtnte
373 4412 439 4456 Pone.
1022 4406 1038 4455 8
