3008 5026
153 368 286 457 cinxi]
449 389 495 439 on
512 389 725 441 roresmre
744 391 846 440 rnre.
1298 394 1359 456 307

197 544 298 624 Item,
321 553 361 608 ut
383 553 485 628 patet
512 565 559 608 ex
583 545 687 610 dictis
717 555 755 610 et
777 545 981 610 testimonio
1011 545 1144 611 domini
1189 563 1227 606 au
1243 561 1327 605 orem

154 649 376 732 Ardmacani,
393 670 515 714 omnes
530 658 734 734 potestates
745 650 879 715 ordinis
895 653 1143 735 suntequales.
1160 614 1297 722 esseifiiiii
1309 669 1348 710 ne

154 774 221 817 nec
244 753 410 818 minuitur
437 755 548 818 eciam
579 754 768 839 potestatis
795 754 1031 819 iurisdicionis
1061 775 1141 818 exe·
1166 732 1230 764 ’ωε
1245 731 1346 774 powers.

155 856 266 934 cucio,
291 858 358 921 nisi
381 859 426 921 de
451 866 583 941 quanto
606 859 866 923 racionabiliter
890 869 947 924 est
969 858 1142 924 restricta.

130 960 228 1026 iSed
251 962 440 1026 deficiente
464 983 690 1046 quocumque
715 963 890 1047 superiori
913 963 1082 1047 pontifice
1107 972 1142 1027 et

153 1065 355 1130 imminente
397 1066 613 1131 necessitate
645 1069 691 1130 ad
737 1068 879 1151 aliquod
903 1068 1143 1133 necessarium

56 1175 127 1243 237⁴
154 1170 374 1235 sacerdotale
415 1171 655 1254 ministerium,
702 1193 774 1236 non
817 1172 1044 1258 superlesset‚
1082 1173 1143 1256 qui

153 1275 415 1339 racionabiliter
437 1275 486 1338 ita
507 1275 753 1359 restringeret,
781 1297 868 1363 ergo
899 1278 944 1339 de
968 1277 1144 1341 communi

153 1381 235 1462 lege
272 1378 343 1442 Dei
379 1378 502 1442 liceret
538 1379 697 1443 inferiori
739 1380 942 1464 presbitero
984 1380 1020 1444 in
1060 1400 1143 1444 casu

115 1483 274 1567 10p0sito
297 1484 473 1567 perficere
497 1483 727 1548 ministerium
751 1485 977 1568 assignatum.

198 1587 431 1652 Confirmatur
453 1588 566 1652 tercio
582 1609 648 1671 per
667 1591 736 1653 hoc
761 1591 858 1673 quod
876 1610 923 1652 ex
944 1589 1014 1652 fide
1032 1588 1141 1673 scrip·
1154 1607 1233 1671 cnm
1249 1610 1295 1653 wiu
1311 1618 1351 1672 nol

154 1702 233 1757 ture
261 1692 422 1757 Christus
455 1693 639 1758 assisteret
669 1715 732 1759 sue
764 1693 917 1758 ecclesie
951 1714 1064 1776 usque
1099 1694 1144 1757 ad
1159 1662 1352 1776 ‘iibffililiiff‘

153 1798 259 1860 finem
275 1798 396 1875 seculi,
417 1798 483 1861 sed
497 1797 715 1863 irracionalis
732 1809 768 1864 et
782 1799 1021 1882 increpandus
1037 1797 1142 1880 foret,
1158 1767 1354 1863 hillidiiliir

155 1901 184 1965 si
216 1902 382 1986 exigeret
412 1923 432 1966 a
465 1904 561 1967 clero
595 1923 659 1967 suo
693 1903 849 1968 officium
881 1913 918 1968 et
953 1903 1142 1967 assistente
1168 1884 1199 1915 ⁰¹¹
1214 1871 1350 1928 mm*

114 2015 335 2090 15potestate
358 2007 549 2090 presbiteri
573 2009 616 2071 ad
639 2008 839 2072 faciendum
862 2010 931 2072 hoc
953 2007 1144 2090 impediret

155 2111 270 2194 ipsum
310 2111 563 2195 presbiterum;
602 2112 648 2175 ad
686 2114 924 2196 supplendum
956 2111 1065 2196 igitur
1097 2131 1144 2174 ex

154 2216 375 2298 plenitudine
407 2217 596 2300 potestatis
621 2216 752 2281 Christi
785 2217 939 2300 simplex
974 2215 1144 2280 sacerdos

154 2321 188 2384 in
212 2321 273 2384 tali
296 2341 380 2385 casu
411 2323 562 2385 haberet
592 2321 795 2405 potenciam
828 2341 868 2384 ac
893 2320 1145 2384 sufficienciam

155 2428 197 2488 ad
221 2425 453 2489 ministerium
484 2435 557 2491 tam
590 2426 828 2491 necessarium
857 2426 1144 2509 dispensandum.

112 2551 144 2584 20
155 2528 214 2594 Sic
239 2531 331 2594 enirn
362 2539 514 2615 propter
544 2531 796 2595 necessitatem
823 2530 990 2614 baptismi
1013 2528 1145 2593 sufficit

153 2635 276 2717 laycus
299 2634 335 2697 in
360 2634 504 2698 delectu
528 2635 614 2699 cleri
636 2635 826 2718 baptizare.
855 2634 914 2699 Sic
938 2634 1048 2698 eciam
1072 2632 1142 2697 suf·

152 2738 227 2803 ficit
258 2738 474 2822 quicumque
506 2739 675 2804 sacerdos
708 2740 861 2823 simplex
901 2759 993 2822 eque
1032 2740 1140 2821 plene

154 2862 233 2906 cum
264 2863 359 2926 papa
395 2845 587 2908 absolvere
618 2845 654 2908 in
686 2843 808 2909 mortis
841 2843 999 2921 articu10‚
1033 2862 1142 2925 quare

153 2946 260 3030 igitur
283 2968 356 3011 non
380 2967 473 3030 eque
498 2949 630 3014 sufficit
652 2949 841 3013 deficiente
866 2947 1041 3032 superiori
1062 2966 1141 3030 pre-

110 3052 224 3116 astato
247 3051 378 3135 ineque
402 3054 606 3117 necessario
630 3055 869 3118 sacramento?
906 3053 1025 3134 Leges
1050 3051 1142 3114 enirn

152 3157 211 3219 vel
235 3157 516 3221 constituciones
538 3160 690 3223 humane
713 3179 785 3221 non
808 3158 955 3222 obviant
977 3156 1051 3239 legi
1070 3154 1142 3219 Dei

152 3281 219 3324 nec
252 3272 336 3327 sunt
367 3264 546 3327 credende
584 3264 652 3328 nisi
689 3265 734 3326 de
777 3271 910 3346 quanto
947 3267 1143 3325 consonant

151 3364 293 3433 racioni.

197 3470 329 3536 Contra
350 3471 418 3535 ista
441 3471 599 3554 arguitur
622 3492 688 3555 per
710 3472 791 3550 hoc,
816 3471 913 3554 quod
928 3470 1030 3534 iuxta
1050 3471 1140 3533 hanc

110 3575 255 3654 aoviam,
288 3575 380 3640 sicut
408 3578 533 3660 laycus
557 3576 689 3640 sufficit
712 3575 892 3659 baptizare
921 3575 972 3639 sic
997 3584 1034 3639 et
1058 3594 1140 3638 con·

152 3679 301 3758 firmare,
325 3681 501 3744 conficere
526 3701 566 3744 ac
590 3691 809 3744 sacramenta
824 3699 1050 3764 quecumque
1074 3679 1140 3743 alia

153 3784 362 3849 ministrare.
396 3785 484 3868 Quis
507 3785 616 3869 igitur
642 3806 709 3869 pro
738 3784 968 3851 absolucione
993 3784 1038 3847 de
1060 3804 1139 3867 per-

153 3890 325 3953 cuciendo
342 3898 401 3953 aut
417 3890 615 3954 occidendo
633 3889 799 3953 clericum
815 3889 927 3953 adiret
936 3890 1140 3954 Romanum

150 3993 376 4076 pontificem?
408 3996 467 4058 Ad
499 3994 585 4058 illud
609 3994 740 4057 dictum
774 4003 830 4058 est
852 3992 951 4076 quod
982 4013 1053 4057 non
1086 4012 1140 4055 se·

204 4280 238 4321 ²1.
255 4280 291 4314 22.
312 4269 341 4312 B:
360 4267 471 4326 sufficiat.
529 4280 567 4312 22.
589 4266 664 4313 Codo.
685 4267 709 4312 iu
729 4280 820 4324 marga
834 4268 975 4313 Minirlrere
990 4273 1138 4312 sacramenta

150 4337 271 4393 deficiente
283 4350 347 4394 papa
361 4341 413 4394 quis
423 4344 508 4394 potest.

985 4409 1033 4462 πο*
