3008 5026
664 384 834 436 romnus
852 383 993 436 wrcen
1182 364 1268 455 [car.
1288 383 1330 429 m.

342 551 497 607 attentet
542 561 656 625 penes
704 541 935 606 maioritatem
977 539 1071 604 mitis
1114 550 1152 604 et
1187 542 1329 608 humilis

341 644 525 710 ministerii
555 645 707 710 vertitur
738 649 887 711 verbum
920 647 964 709 ad
988 643 1198 729 Symonem:
1235 646 1330 727 Ecce,

341 749 464 834 inquit,
495 752 662 815 sathanas
693 753 847 835 expetivit
873 769 941 831 vor,
973 756 1009 813 ut
1041 752 1212 815 cribraret
1241 754 1331 817 εἰσκί

341 858 504 932 triticum,
528 870 589 939 ego
612 863 727 921 autem
750 858 872 940 rogavi
889 875 958 938 pro
980 861 1022 938 te,
1044 862 1080 919 ut
1102 875 1169 920 non
1192 857 1331 937 deficias

339 962 435 1042 fides
471 966 542 1040 tua,
579 968 610 1025 et
643 966 679 1025 tu
716 963 903 1042 aliquando
940 979 1122 1026 conversus
1158 961 1355 1041 confirmas

129 1076 325 1174 eapapppippr
340 1066 480 1146 fratres
510 1072 594 1132 tuor.
631 1066 727 1129 Ecce
750 1074 836 1149 post
862 1065 1064 1147 generalem
1083 1067 1089 1146 Ι
1109 1064 1330 1130 solucionem
1360 1093 1369 1128 ι

273 1141 304 1186 ⁸‘
341 1169 434 1234 facta
466 1180 522 1234 est
552 1170 772 1253 particularis
795 1168 992 1253 applicacio
1020 1169 1261 1252 prominencie
1285 1172 1330 1235 ad

340 1274 497 1351 Petrum,
535 1293 613 1337 cum
649 1293 722 1337 non
761 1274 862 1338 aliter
898 1272 1122 1357 pertinenter
1160 1274 1332 1357 magister

342 1377 498 1461 optimus
530 1377 714 1443 decideret
745 1377 971 1462 questionem
1002 1378 1160 1442 sedando
1192 1378 1331 1461 brigarn

343 1491 379 1544 et
401 1481 610 1545 instruendo
636 1502 698 1546 eos
721 1481 758 1545 in
780 1480 914 1568 regulis
937 1480 1120 1567 religionis
1144 1501 1218 1561 sue,
1241 1503 1330 1566 quas
1344 1509 1370 1543 ιο

341 1585 377 1649 in
417 1594 603 1668 posterum
641 1588 939 1658 observaverunt;
985 1585 1080 1648 unde
1124 1584 1330 1669 relinquens

343 1691 545 1772 exemplum
577 1689 661 1770 suis,
699 1709 745 1753 ne
777 1688 987 1772 superbiant
1023 1690 1068 1752 de
1101 1690 1332 1773 prepositura

342 1792 592 1873 ecclesiastica,
606 1794 671 1857 sed
685 1793 812 1877 pocius
828 1792 974 1857 timeant
988 1803 1138 1876 propter
1152 1814 1331 1859 annexum

341 1897 547 1983 periculum,
570 1900 637 1961 sub
659 1899 813 1980 quodam
828 1896 1002 1960 velamine
1018 1896 1223 1962 includente
1239 1898 1330 1983 peri·

342 2004 458 2067 culum
491 2001 701 2065 adiutorium
733 2010 840 2084 atque
864 2000 1018 2065 officium
1044 2001 1198 2068 insinuat
1219 2004 1330 2069 Petro
1344 2015 1370 2068 ιε

341 2106 535 2191 primatum.
572 2107 644 2170 Per
673 2105 825 2169 cribrum
855 2105 1060 2187 intelligunt
1092 2109 1261 2172 doctores
1285 2109 1331 2172 ad

342 2231 485 2275 sensum
528 2208 701 2274 misticum
743 2220 902 2274 naturam
937 2211 1071 2293 lapsam
1113 2231 1331 2294 corpoream.

341 2317 426 2399 Ipsa
449 2314 540 2378 enim
564 2323 621 2380 est
636 2314 738 2398 quasi
753 2314 907 2378 caminus
922 2314 1182 2397 temptacionis,
1205 2315 1241 2378 in
1261 2336 1332 2399 qua

342 2419 487 2503 spiritus
500 2420 672 2482 humanus
688 2418 873 2497 colliditur,
887 2419 979 2484 sicut
993 2419 1029 2483 in
1046 2418 1161 2483 cribro
1176 2419 1331 2484 triticum

341 2523 542 2588 ventilatur.
582 2521 745 2588 Curvitas
778 2522 866 2607 ligni
897 2523 1016 2607 signat
1051 2523 1370 2587 declinacionemro

340 2627 492 2691 hominis
540 2646 559 2690 a
600 2626 813 2690 rectitudine
859 2627 1039 2710 originalis
1084 2628 1223 2692 iusticie
1265 2648 1333 2712 per

342 2741 540 2816 peccatum.
578 2730 717 2814 Tegule
741 2730 837 2794 dicto
860 2732 959 2814 ligno
987 2731 1096 2795 infixe
1125 2752 1195 2816 que
1218 2752 1258 2797 se
1282 2732 1332 2797 in·

342 2844 523 2900 tersecant
554 2856 601 2898 ex
640 2836 793 2899 adverso
830 2845 913 2900 sunt
939 2836 1104 2900 versucie
1137 2837 1270 2901 diaboli
1297 2847 1334 2903 et

343 2940 438 3003 fraus
470 2938 599 3021 mundi,
633 2939 762 3022 quibus
786 2939 1004 3004 sensualitati
1035 2939 1153 3004 infixis
1185 2940 1332 3025 spiritus

343 3043 641 3128 temptacionibus
656 3044 868 3127 periculosis
884 3045 1094 3124 concutitur,
1118 3054 1156 3110 et
1170 3065 1214 3109 eo
1231 3046 1332 3111 timo·
1343 3056 1370 3108 ri

343 3148 458 3212 rosius
483 3168 554 3231 quo
578 3149 711 3232 gradus
734 3150 963 3233 prepositure
996 3159 1053 3214 est
1084 3150 1208 3230 alcior;
1241 3151 1332 3215 fora·

344 3253 438 3316 mina
460 3273 548 3317 vero
581 3253 730 3337 spatulis
761 3253 962 3338 intercepta
993 3265 1076 3319 sunt
1106 3276 1240 3341 genera
1262 3256 1333 3321 vir·

344 3367 469 3434 tutum,
515 3356 644 3440 quibus
689 3367 883 3441 temptatus
929 3359 1118 3442 cognoscit
1156 3358 1334 3424 humiliter

344 3461 453 3525 vitam
481 3480 579 3524 suam
609 3481 689 3524 esse
720 3470 866 3527 ventum
889 3472 951 3525 aut
973 3483 1133 3528 vacuum.
1155 3461 1224 3527 Per
1246 3463 1334 3528 istas

346 3563 522 3648 siquidem
544 3563 649 3628 rimas
672 3573 773 3647 patet
797 3565 960 3649 temptati
992 3565 1263 3649 subterfugium,
1294 3575 1335 3631 ut
1344 3577 1370 3630 3<

347 3689 394 3732 ex
425 3668 545 3751 gracia
577 3678 614 3733 et
643 3669 838 3752 gravedine
860 3669 1064 3734 humilitatis
1088 3672 1215 3734 evadat
1239 3671 1333 3735 colli·

347 3773 457 3836 sionis
479 3771 618 3835 hostilis
640 3773 846 3857 periculum,
875 3774 906 3837 si
928 3773 1033 3838 fuerit
1054 3776 1276 3840 horreandus
1298 3775 1335 3839 in

347 3888 441 3940 terra
464 3876 674 3959 vivencium,
698 3876 780 3960 quia
804 3878 905 3943 aliter
926 3888 1056 3943 ventus
1080 3877 1249 3962 superbie
1273 3900 1332 3943 ex·

402 4115 435 4161 16.
451 4114 468 4159 Β
487 4117 511 4160 in
529 4127 615 4173 marg:
635 4115 682 4161 Per
699 4118 801 4162 cribrum
818 4119 973 4178 §nauigium
992 4124 1026 4165 A:
1048 4119 1155 4165 Cribnm
1174 4119 1263 4164 murice
1280 4121 1338 4178 quid

347 4185 449 4242 signet?
502 4183 539 4230 30.
555 4186 584 4229 B:
599 4186 688 4230 rumas.

404 4325 427 4359 α.
447 4310 534 4362 Lucae
551 4311 628 4375 xxll,
649 4312 759 4365 31—32.
