3008 5026
711 381 880 432 tonsurus
900 381 1040 432 wvcuis
1227 360 1309 448 [cnr.
1329 376 1368 419 m.

379 536 556 620 signatum
578 536 658 620 ipse
682 557 702 601 a
725 537 805 601 Deo
829 537 979 619 adiutus,
1013 536 1236 620 singulariter
1258 535 1371 619 presi·

379 643 467 704 dens
492 641 654 704 navicule
677 641 891 725 significanti
914 642 1102 705 ecclesiam
1126 639 1266 719 Christi,
1290 643 1371 703 sub-

378 746 492 810 iceret
508 745 687 824 servituti;
706 755 742 808 et
751 745 855 809 istum
874 766 1017 809 sensum
1027 744 1130 829 ponit
1144 743 1373 827 Augustinus

179 845 350 941 fflfoll'gfffiffil
379 848 553 913 Sermone
578 848 639 913 IV.
664 849 759 931 Quid
782 860 899 913 autem
922 871 989 933 per
1012 850 1204 913 secundam
1227 848 1263 911 in
1286 846 1373 911 mari

379 953 595 1032 missionem,
612 955 656 1017 de
675 974 744 1037 qua
758 954 927 1034 Johannis
943 954 1077 1036 ultime,
1095 956 1178 1018 aliis
1192 954 1398 1035 discipulis5

381 1061 520 1140 itavigm
536 1061 584 1121 ad
603 1057 773 1125 Christum
789 1061 1007 1136 venientibus,
1025 1058 1121 1143 {ipse
1137 1060 1236 1121 solus
1253 1056 1374 1119 tunica
1406 1079 1425 1130 1:

381 1163 583 1226 succinctus
616 1164 785 1227 audacter
817 1163 912 1227 misit
945 1184 984 1226 se
1016 1163 1051 1226 in
1084 1183 1190 1240 mare,
1229 1163 1374 1225 daretur

379 1267 481 1330 nobis
520 1267 673 1350 intelligi
710 1288 796 1330 vere
845 1270 942 1350 quod
985 1287 1109 1330 omnes
1147 1266 1205 1329 alii
1242 1264 1373 1328 Christi

379 1371 545 1454 discipuli
579 1372 710 1435 ducatu
731 1371 832 1434 Petri
864 1371 983 1434 tunica
1015 1371 1181 1434 virtutum
1216 1378 1253 1433 et
1285 1388 1374 1432 zona

378 1475 546 1558 potencie
579 1474 712 1557 ligandi
745 1474 859 1538 ornati
890 1474 1032 1538 fuerant
1062 1474 1098 1536 in
1121 1473 1179 1537 via
1201 1471 1374 1536 tendendi
1389 1497 1418 1531 ιο

380 1582 425 1642 ad
449 1579 635 1642 terminum
658 1578 865 1661 regulandi?
890 1578 971 1643 Hoc
994 1579 1103 1643 eciam
1118 1578 1291 1660 figuratur
1306 1596 1373 1659 ρετ

180 1695 337 1791 &christvs
379 1684 458 1760 hoc,
483 1684 579 1765 quod
603 1683 670 1746 soli
685 1692 848 1765 tempore
864 1682 1042 1766 passionis
1059 1681 1224 1746 Salvator
1240 1681 1374 1745 dixerit

164 1762 186 1843 ian
202 1756 488 1851 ‹iiiisihiiiilllam
506 1786 609 1866 XIV,
627 1808 683 1868 37:
709 1787 831 1851 Simon
854 1789 1013 1852 dormis?
1037 1786 1113 1850 Non
1132 1789 1277 1868 potuisti
1299 1806 1372 1851 mm

379 1895 464 1956 hora
488 1894 633 1973 vigilare
657 1894 818 1956 mecum?
841 1912 907 1974 per
928 1894 997 1954 hoc
1012 1892 1162 1955 innuens
1179 1892 1276 1973 quod
1291 1890 1373 1974 ipse

381 2000 479 2061 solus
496 2017 561 2079 pre
579 1997 708 2061 ceteris
726 2007 761 2060 et
778 2018 844 2080 pro
861 1997 991 2060 ceteris
1006 1998 1156 2060 haberet
1175 1995 1373 2078 capitaliter
1388 2005 1416 2055 15

380 2103 415 2165 In
449 2122 531 2165 cura
562 2102 751 2184 pastoralis
785 2102 892 2165 officii
915 2102 1073 2184 vIgilare.
1111 2102 1158 2165 Et
1183 2102 1253 2164 hoc
1276 2100 1372 2164 idem

181 2199 352 2295 ”ffledglgssjgss
379 2207 548 2289 figuratur
581 2227 648 2289 per
678 2207 758 2282 hoc,
792 2208 889 2288 quod
921 2207 1001 2289 ipse
1033 2208 1131 2269 solus
1155 2206 1190 2268 in
1214 2205 1373 2269 secunda

235 2304 296 2347 '²¹⁰⁶'
380 2310 585 2393 piscacione
618 2311 727 2374 traxit
758 2312 802 2374 ad
833 2312 916 2374 litus
948 2321 1026 2375 rete
1059 2313 1203 2393 plenum
1236 2316 1370 2375 centum

380 2417 628 2497 quinquaginta
659 2418 771 2480 tribus
801 2417 941 2497 magnis
967 2418 1131 2498 piscibus,
1168 2426 1207 2478 ut
1242 2414 1372 2478 dicitur

380 2520 458 2599 Joh.
473 2523 526 2583 ult
544 2543 551 2595 ;
574 2540 641 2603 per
662 2524 731 2584 hoc
755 2521 846 2583 enim
870 2521 1043 2603 figuratur
1060 2520 1157 2602 quod
1177 2520 1256 2603 ipse
1273 2520 1371 2582 solus
1385 2543 1417 2577 το

381 2624 474 2688 inter
496 2626 682 2707 apostolos
706 2625 814 2688 trahit
837 2625 1037 2707 capitaliter
1055 2644 1224 2707 sponsam
1241 2622 1373 2687 Christi

382 2729 425 2790 ad
444 2737 574 2792 terram
589 2729 790 2792 vivencium
807 2729 843 2792 in
858 2729 995 2793 retibus
1007 2729 1098 2813 legis
1108 2729 1186 2793 Dei.
1201 2728 1372 2811 Magnum

380 2831 500 2914 itaque
517 2833 744 2915 prIvilegium
760 2833 893 2909 vicarii,
919 2833 980 2915 qui
1003 2842 1127 2916 potest
1147 2835 1286 2895 trahere
1303 2830 1372 2894 ani-

382 2956 456 2998 mas
480 2937 524 2999 ad
545 2936 812 3018 beatitudinem,
837 2958 914 3000 cum
943 2937 1012 3001 ista
1034 2939 1191 3000 secunda
1213 2936 1372 3018 piscacio

383 3039 559 3121 significat
575 3041 782 3123 capcionem
798 3042 977 3104 hominurn
994 3042 1037 3105 ad
1052 3042 1238 3104 ecclesiam
1254 3040 1372 3103 trium·
1385 3050 1417 3100 25

382 3145 560 3225 phantem,
589 3145 681 3209 sicut
708 3145 821 3227 prima
842 3145 999 3229 piscacio
1024 3146 1141 3229 signat
1165 3144 1373 3228 capcionem

381 3247 561 3311 hominum
586 3251 629 3312 ad
653 3249 838 3312 ecclesiam
862 3249 1074 3312 militantem.

427 3350 527 3414 Idem
560 3353 669 3415 eciam
702 3353 874 3435 figuratur
905 3373 971 3435 per
993 3353 1062 3415 hoc
1091 3354 1187 3435 quod
1211 3351 1373 3416 Christus

384 3455 578 3518 doctrinam
596 3456 849 3537 correpcionis,
866 3476 970 3537 quam
991 3457 1105 3519 voluit
1127 3455 1218 3519 tradi
1235 3457 1374 3520 cunctis

383 3557 556 3639 fidelibus,
572 3579 639 3641 ρετ
653 3559 800 3622 Petrum
817 3559 930 3622 voluit
946 3559 981 3622 in
999 3560 1085 3622 alios
1102 3559 1260 3623 derivari.
1284 3559 1374 3623 Nam
1388 3573 1420 3625 30

383 3661 492 3727 Math.
525 3662 663 3740 XVIII,
700 3683 736 3742 15
769 3663 916 3745 legitur:
956 3664 1148 3747 Aspiciens
1180 3664 1307 3728 Ihesus
1339 3665 1376 3728 in

385 3764 580 3848 discipulos
605 3787 689 3830 suos
714 3768 804 3832 dixit
825 3767 960 3833 Simoni
977 3769 1102 3833 Petro:
1127 3768 1166 3832 Si
1184 3773 1376 3851 peccaverit

384 3873 419 3933 m
443 3876 473 3934 te
487 3871 609 3952 frater
639 3878 729 3954 tum,
761 3876 849 3937 vade
872 3881 901 3937 el
923 3875 1059 3956 corripe
1079 3893 1157 3938 enm
1180 3876 1269 3937 inter
1291 3881 1322 3939 te
1346 3881 1376 3939 et

440 4194 469 4226 u.
485 4180 572 4226 coda:
587 4182 620 4225 nd
632 4183 758 4227 donuinam.
815 4185 848 4228 13.
864 4184 952 4227 Codd.:
969 4183 1049 4227 ilorci
1062 4183 1140 4227 XXVI.

439 4309 462 4359 3.
481 4311 517 4359 St.
536 4308 677 4374 Augustini
695 4309 739 4359 ubi
758 4322 837 4373 supra
856 4323 881 4374 p.
903 4308 960 4358 320.
