3008 5026
142 387 212 432 cnr.
227 375 267 455 x]
443 392 486 442 DE
506 391 717 443 POTESTATu
736 392 835 443 ΡΛΡΕ.

144 548 349 629 adunatam,
367 552 487 621 status,
507 549 608 610 decor
628 553 658 611 et
678 549 761 610 ordo
778 548 985 611 universalis
1000 543 1132 610 ecclesie

143 652 234 715 debet
265 652 399 716 subesse
427 671 489 716 sno
512 654 577 715 soli
597 654 734 733 suisque
756 652 966 733 cardinibus,
993 652 1053 714 loc
1075 656 1132 727 est,

144 774 282 819 summo
301 756 459 837 pontifici
480 757 608 837 sibique
631 758 864 820 assistentibus
886 757 1132 820 cardinalibus.

145 859 288 940 Ideoque
302 866 416 924 sancte
431 860 587 924 Romane
602 863 735 925 ecclesie
749 861 887 924 debetur
901 862 945 924 ab
962 860 1133 924 universis

120 964 277 1027 §ecclesie
288 964 382 1044 filiis
405 965 624 1028 devotissima
637 965 841 1046 obediencia,
863 965 1130 1028 honoratissimo

143 1069 347 1143 reverencia,
370 1069 408 1131 id
430 1074 485 1145 est,
499 1067 776 1148 ferventissimus
791 1088 902 1140 arnor,
925 1069 1131 1132 subiectissi-

145 1190 222 1235 ncus
244 1173 357 1236 linear.
396 1171 469 1236 Hec
500 1179 530 1236 et
560 1175 627 1236 niis
658 1174 791 1237 similia
822 1174 865 1236 ab
897 1175 946 1237 eis
971 1174 1133 1237 debentur

144 1276 332 1356 obligacins
363 1283 393 1340 et
414 1273 564 1358 sorcius,
596 1279 656 1358 arti
672 1297 740 1359 pro
767 1280 976 1342 sublimitate
994 1278 1132 1359 gradus

145 1381 359 1443 ecclesiastici
372 1380 521 1462 fastigio
538 1383 681 1457 ecclesie,
704 1384 813 1461 idest,
835 1400 964 1445 summo
975 1381 1132 1463 pontifici

104 1489 174 1546 ioet
196 1484 433 1548 cardinalibus
454 1487 617 1549 adherent
635 1488 844 1567 prorimtns.

186 1587 284 1650 Talia
300 1595 383 1651 sunt
398 1589 507 1652 multa
531 1589 624 1653 dicta
639 1588 910 1672 Lyncolniensis
931 1597 967 1651 et
981 1587 1131 1651 aliorum

144 1692 337 1772 doctorum,
361 1712 430 1775 que
454 1712 501 1755 ex
524 1694 668 1757 defectu
684 1693 926 1776 intelligencie
945 1692 1131 1757 inferiores

142 1795 316 1859 infatuant
339 1805 376 1859 et
399 1797 603 1879 superiores
626 1798 763 1862 iaciunt
784 1797 948 1861 insanire.

187 1900 292 1962 Unde
324 1921 390 1982 pro
422 1901 562 1964 intentu
595 1902 768 1965 dictorum
800 1902 905 1966 huius
933 1902 1045 1965 saneti
1070 1921 1131 1964 no·
1163 1909 1329 1953 oronnam·

1155 1962 1339 2006 mmmm

102 2017 129 2065 ιε
143 2005 296 2079 tandum,
324 2004 438 2086 primo
462 2007 559 2088 quod
582 2006 795 2070 describitur
824 2005 861 2070 in
884 2005 989 2070 dictis
1017 2005 1132 2088 qualis
1174 2026 1316 2111 stillulis

143 2109 252 2171 debet
284 2129 367 2171 esse
399 2129 555 2172 summus
586 2110 752 2193 pontifex
781 2131 859 2175 cum
884 2110 1131 2187 cardinalibus,
1151 2119 1342 2215 ssffnthffibgfinit

143 2234 231 2290 cum,
264 2222 303 2277 ut
335 2215 421 2278 dicit
452 2215 487 2277 in
511 2235 675 2279 sermone
708 2235 773 2279 suo
806 2216 850 2278 ad
881 2234 1019 2300 papam,
1052 2215 1131 2298 ipse
1207 2183 1315 2266 robe-⁸

142 2318 236 2400 gerit
257 2318 293 2380 in
316 2318 484 2383 militante
509 2320 661 2384 ecclesia
684 2320 799 2383 vicem
823 2319 962 2384 Christi.

184 2422 241 2484 Ex
264 2442 335 2504 quo
359 2432 460 2505 patet
483 2425 579 2507 quod
595 2432 742 2506 oportet
757 2444 881 2487 verum
902 2444 1032 2506 papam
1049 2443 1129 2487 con·

98 2551 131 2585 20
140 2527 276 2589 versari
292 2526 434 2590 Christo
452 2528 597 2591 similius
615 2537 652 2590 et
672 2528 772 2591 aliter
795 2537 850 2592 est
874 2549 920 2591 ex
944 2528 1129 2591 mendacio

142 2630 387 2694 dolosissimus
412 2631 664 2697 Antichristus.

184 2732 350 2797 Secundo
373 2737 566 2798 notandum
583 2737 681 2819 quod
703 2735 771 2799 iste
794 2743 937 2799 sanctus
960 2735 1129 2818 intelligit

47 2848 111 2898 ἰώ
140 2838 300 2920 predicta
321 2859 362 2902 re
383 2839 569 2922 {putative
592 2841 651 2903 vel
675 2840 974 2917 condicionaliter,
998 2849 1036 2902 et
1057 2859 1128 2904 non

141 2942 314 3005 assertive
347 2954 554 3026 competere
586 2963 679 3028 pape
712 2964 833 3007 secum
865 2944 1012 3019 viventi,
1048 2944 1130 3027 quia

97 3057 128 3109 25
141 3045 242 3109 aliter
264 3046 361 3110 foret
375 3047 478 3110 nimis
495 3047 732 3130 sompniferus
749 3048 1044 3111 contradictorius
1061 3048 1130 3111 sibi

138 3149 216 3232 ipsi.
254 3150 339 3234 Ipse
364 3152 455 3214 enim
480 3152 689 3216 obedienter
711 3172 806 3236 pape
829 3163 1005 3235 tamquam
1029 3152 1128 3216 Anti·

140 3255 271 3318 christo
294 3257 426 3321 restitit
450 3259 492 3319 ad
515 3256 669 3320 tribunal
685 3257 816 3321 Christi
831 3258 876 3319 ab
897 3257 973 3320 eius
995 3256 1127 3319 iudicio

140 3361 352 3441 appellando
387 3369 424 3423 et
455 3370 539 3444 post
570 3371 719 3424 mortem
754 3362 904 3424 eundem
937 3380 1050 3443 usque
1083 3360 1128 3423 ad

139 3473 288 3527 mortem
312 3465 412 3546 quasi
440 3464 588 3548 cuspide
612 3466 729 3529 baculi
753 3465 961 3541 vulneravit,
990 3474 1030 3528 ut
1053 3464 1128 3528 dixi

95 3581 128 3630 30
138 3567 227 3630 VIII
245 3568 411 3650 capitulo.
435 3568 482 3632 Et
497 3578 599 3653 patet
614 3571 711 3652 quod
727 3569 833 3633 nichil
849 3569 1005 3632 insanius
1023 3589 1127 3652 quam

140 3674 286 3735 credere
318 3675 416 3755 quod
449 3693 492 3736 eo
523 3673 604 3757 ipso
638 3694 710 3757 quo
743 3673 822 3756 quis
854 3673 1014 3755 fungitur
1046 3673 1126 3737 vice

138 3796 232 3859 pape
256 3777 324 3840 iste
348 3777 577 3841 condiciones
601 3777 668 3841 sibi
693 3781 917 3843 conveniunt.

180 3880 382 3945 Notandum
407 3891 462 3945 est
489 3883 601 3947 tercio
629 3886 725 3966 quod
749 3884 817 3947 iste
840 3884 968 3947 doctor
984 3884 1127 3948 videtur

137 3987 334 4067 prudenter
349 3985 496 4050 innuere
508 3991 606 4069 quod
621 3990 738 4052 nullus
755 3988 949 4072 episcopus
961 4008 1126 4053 cesareus

190 4254 211 4287 2.
226 4242 305 4286 Recte:
326 4244 392 4287 debet
404 4256 431 4288 re
442 4245 491 4288 ron
501 4257 552 4288 ruo.
609 4258 640 4298 ¹4-
658 4245 733 4289 Codd.
749 4247 772 4290 in
789 4257 876 4301 murga
891 4246 956 4302 Papa
970 4247 1048 4303 qualis
1062 4248 1129 4292 debet

136 4324 194 4355 erre.
251 4325 287 4357 22.
302 4316 324 4358 Α
340 4314 362 4357 in
380 4326 466 4369 marga
484 4315 552 4359 Cane.

189 4411 222 4448 »ο
233 4410 345 4448 nonestati
358 4410 422 4455 Pane.
993 4423 1023 4472 17
