3008 5026
145 350 279 440 clavi]
437 372 483 421 os
501 371 713 423 eoresmrn
731 373 834 422 eles.
1285 373 1342 434 ¹²5

185 527 384 592 Undecimo
404 535 442 590 et
456 525 578 591 ultimo
596 536 699 612 patet
718 530 815 613 quod
832 526 992 592 Christus
1008 526 1130 591 abnuit
1183 537 1294 646 officiii}

142 651 282 695 omnem
306 631 532 712 sentenciam,
563 633 599 695 in
631 653 701 716 qua
723 653 873 697 necesse
895 633 990 696 foret
1011 632 1130 695 facere
1179 644 1308 752 3323an

142 737 248 801 alicui
277 736 447 817 iniuriam,
479 737 560 802 ideo
582 738 679 802 Luce
702 738 789 818 XII,
817 760 854 818 14
883 738 970 802 dicit
993 737 1338 855 cuidam,3;{¹³,g¹;,{;,¹¹¹,⁰„

142 842 283 926 petenti
306 842 381 905 eius
404 842 584 906 iudicium:
612 845 698 918 Quis
720 863 775 907 me
797 844 967 907 constituit
982 843 1130 905 iudicem
1152 852 1328 948 ²3⁹ss{l{¹,¹¹,⁰¹,¹}⁵

118 952 203 1014 §arii
225 948 409 1011 divisorem
432 949 642 1030 supervos?
674 948 781 1011 Unde
810 956 846 1011 et
873 946 949 1010 eius
977 944 1131 1028 apostoli
1213 956 1275 1010 atin-

143 1051 331 1115 abalienati
360 1060 442 1115 sunt
472 1072 491 1114 a
526 1051 699 1116 divisione
723 1051 978 1134 cuiuscumque
1000 1071 1130 1134 prepo-

142 1155 263 1234 siture,
286 1176 356 1239 que
379 1157 517 1219 lucrum
540 1157 740 1239 temporale
764 1157 916 1238 sapiunt,
940 1154 1022 1237 quia
1045 1154 1131 1217 didi·

143 1268 265 1323 cerant
293 1279 312 1322 a
339 1259 507 1343 magistro
531 1260 655 1324 Matth.
678 1260 727 1340 X,
751 1265 786 1322 8:
814 1257 933 1324 Gratis
955 1261 1131 1340 accepistis

138 1365 253 1445 gratis
284 1365 371 1427 date.
408 1361 479 1425 Iste
511 1372 626 1426 autem
649 1363 794 1427 Pseudo
830 1384 907 1427 cum
947 1362 1131 1446 discipulis

103 1498 132 1532 ιο
142 1467 215 1531 suis
230 1467 363 1551 palliat,
380 1468 476 1550 quod
492 1469 535 1530 ad
552 1488 632 1531 eum
648 1470 762 1532 solum
775 1478 914 1551 spectat
924 1469 960 1532 in
971 1468 1131 1547 solidum,

142 1592 265 1636 omnes
280 1572 525 1655 preposituras
535 1572 980 1656 sapientespinguedinem
992 1583 1131 1656 tempo·

59 1695 115 1758 192·
141 1677 248 1739 ralem
264 1677 435 1751 tribuere;
457 1674 462 1761 Ι
482 1696 549 1740 nec
565 1686 689 1759 potest
704 1686 855 1760 propter
874 1678 1130 1760 plenitudinem

141 1781 332 1863 potestatis
370 1780 565 1865 symoniam
604 1781 833 1864 committere,
879 1785 944 1846 sed
980 1794 1131 1867 propter

144 1885 402 1967 plenitudinem
435 1885 579 1950 dominii
611 1895 755 1969 oportet
788 1907 1046 1971 quemcumque
1076 1908 1129 1951 se·

107 1991 297 2053 rscundum
329 1991 583 2073 pinguedinem
616 1991 670 2056 sui
701 1992 866 2055 beneficii
894 1993 938 2056 de
962 1994 1130 2056 thesauro

143 2095 289 2159 Pseudo
314 2094 454 2168 afferre;
480 2106 516 2159 et
537 2097 581 2159 de
601 2097 821 2180 plenitudine
841 2098 1031 2179 potestatis
1047 2097 1132 2161 facit

142 2201 413 2264 reservaciones
444 2203 616 2266 mentales
648 2201 889 2279 absconditas
927 2213 963 2266 et
1000 2203 1132 2267 virtute

144 2324 262 2367 earum
283 2306 365 2387 plus
389 2304 544 2369 offerens
567 2316 799 2389 preponetur,
825 2326 902 2369 cum
926 2316 1049 2389 potest
1072 2327 1129 2371 an·

142 2408 313 2472 teriorare
350 2412 410 2473 vel
442 2410 684 2493 posteriorare
722 2420 865 2495 tempus
903 2413 951 2475 ad
981 2412 1130 2483 libitum,

101 2539 133 2573 ιο
142 2534 225 2596 ymo
258 2534 330 2577 non
363 2517 528 2580 obstante
563 2517 660 2599 quod
686 2516 840 2583 Christus
870 2519 916 2581 sit
948 2536 1025 2581 cum
1057 2519 1131 2582 suis

142 2621 305 2698 apostolis
328 2622 485 2684 omnibus
500 2624 617 2685 diebus
639 2641 742 2703 usquc
764 2625 813 2686 od
834 2624 1130 2687 consumacionem

140 2724 254 2799 seculi,
277 2732 317 2786 ut
339 2724 425 2787 dicit
447 2726 569 2791 Matth.
592 2725 724 2806 ultimo,
751 2726 820 2789 iste
843 2737 960 2791 tamen
983 2726 1129 2790 Pseudo

141 2834 265 2907 potest
287 2827 530 2910 dispensando
555 2839 697 2912 tempus
729 2830 903 2894 redimere
926 2840 962 2895 et
984 2840 1129 2912 mutare,

143 2932 193 2994 sic
217 2933 315 3015 quod
332 2934 473 3015 quando
499 2944 555 2996 est
569 2935 719 2996 maxime
735 2936 973 2999 necessarium
990 2936 1130 3000 Christo

100 3042 130 3094 25
142 3044 180 3099 et
213 3056 277 3099 sue
311 3037 463 3100 ecclesie
498 3038 646 3101 consilia
679 3038 809 3102 Christi
841 3059 997 3120 servare,
1025 3041 1131 3103 liceat

141 3140 210 3202 sibi
248 3140 394 3204 consilia
432 3141 509 3225 ipsa
547 3144 779 3226 suspendere,
822 3144 1010 3228 privilegia
1048 3166 1130 3228 que·

142 3264 293 3327 cumque
310 3255 460 3329 propter
476 3257 642 3330 questum
663 3251 873 3331 concedere,
898 3259 933 3314 et
949 3259 1130 3332 quantum·

142 3370 292 3432 cumque
310 3351 450 3414 Christo
467 3352 639 3416 inhabiles
656 3362 835 3438 tamquam
851 3357 987 3419 habiles
1004 3375 1129 3437 appro-

140 3456 234 3533 bare,
274 3465 311 3519 et
349 3456 519 3540 quicquid
557 3459 684 3522 fecerit
721 3461 830 3524 debet
867 3470 943 3524 tota
980 3461 1129 3523 militans

100 3559 301 3634 soeeclesia,
350 3581 453 3643 quam
503 3573 647 3644 oportet
693 3584 774 3627 esse
812 3566 878 3627 sub
918 3565 1057 3628 dicione
1091 3572 1131 3627 ut

140 3664 258 3747 legem
283 3663 412 3729 Christi
434 3675 546 3729 ratum
570 3668 725 3731 credere.

186 3767 298 3829 Multe
327 3777 410 3832 sunt
440 3771 605 3834 versucie
638 3773 756 3835 velate
789 3776 856 3835 sub
894 3773 972 3837 istis
995 3772 1062 3853 XI,
1093 3773 1129 3836 in

142 3870 272 3953 quibus
288 3871 454 3936 falluntur
471 3874 650 3957 simplices
666 3876 839 3940 versuciis
849 3876 1129 3956 Pseudochristi,

143 3985 178 4038 et
200 3975 346 4039 indubie
370 3977 583 4062 quicumque
611 3979 718 4044 fuerit
744 3981 823 4044 talis
846 3982 991 4045 Pseudo
1015 3982 1074 4044 vel
1097 3981 1130 4043 ei

196 4193 214 4225 1.
228 4179 269 4224 ΑΒ
284 4181 307 4224 in
323 4192 409 4235 mara:
424 4187 453 4224 11.
508 4181 645 4237 32.s1u11e;
661 4184 744 4228 codd:
759 4185 864 4229 materie.

195 4320 234 4357 22.
254 4304 343 4358 Matth.
359 4307 391 4373 V,
411 4321 451 4357 20.
