3008 5026
735 384 905 435 Jouauuls
924 384 1062 434 WYCLIF
1252 367 1334 450 [CAP.
1353 379 1394 424 lx.

407 539 493 602 satis
511 550 566 603 est
581 539 664 602 fidei
686 543 722 602 in
745 541 860 623 ipsum
877 541 1033 604 credere.
1056 540 1162 603 Unde
1177 541 1394 623 Jeronymus

407 663 595 726 exponens
617 643 704 707 illud
727 644 850 709 Matth.
866 644 969 722 XVI,
994 664 1050 724 29:
1080 645 1150 708 Tibi
1172 645 1258 708 dabo
1281 646 1395 708 claves

405 749 505 829 regui
526 750 687 829 celarum,
709 750 807 829 haenc,
831 748 954 831 inquit,
979 751 1090 813 locum
1114 751 1223 830 aliqui
1244 767 1312 812 uou
1334 751 1393 811 iu-

405 853 597 934 telligeules
607 858 748 916 sumunt
757 855 891 933 aliquid
899 856 941 918 de
949 855 1130 935 supercilio
1136 854 1393 936 phariseorum,

406 960 442 1018 ut
464 958 659 1039 dampnare
681 959 839 1021 innoxios
862 959 912 1020 vel
933 960 1062 1022 solvere
1083 977 1119 1021 se
1131 962 1248 1039 putent
1264 959 1417 1035 noxiosi

406 1078 483 1123 cum
516 1062 611 1143 apud
643 1059 755 1125 Deum
787 1079 854 1125 uou
885 1063 1054 1126 sentencia
1085 1063 1301 1128 sacerdotum
1332 1063 1393 1124 sed

406 1165 476 1227 vita
499 1184 638 1228 reorum
661 1170 835 1246 queratur.
860 1163 927 1230 Sed
948 1167 1034 1229 sicul
1052 1165 1153 1230 Levit.
1171 1165 1261 1228 XIV
1279 1170 1390 1228 osteu-

406 1269 486 1332 dere
516 1287 552 1333 se
588 1271 821 1334 sacerdotibus
854 1271 1009 1335 iubentur
1047 1273 1183 1352 leprosi,
1222 1289 1303 1349 arros
1341 1269 1393 1331 illi

406 1373 555 1437 muudus
582 1375 633 1436 vel
659 1376 812 1453 leprosos
837 1393 903 1438 nou
923 1374 1073 1455 saeirrul,
1104 1375 1164 1438 sed
1187 1375 1392 1451 discernunt,

226 1473 365 1527 rireprrest
406 1477 456 1538 ita
479 1478 593 1540 ethic.
638 1477 743 1540 Unde
767 1498 838 1540 non
861 1477 967 1541 video
992 1480 1037 1541 de
1062 1499 1133 1561 quo
1157 1479 1317 1561 prelatus
1340 1476 1392 1539 sic
1407 1506 1436 1541 ιο

208 1535 295 1569 cunnor
310 1526 379 1569 know

209 1580 271 1621 ww
287 1590 380 1674 powers
407 1590 535 1662 posset
556 1600 728 1663 pompare
751 1581 888 1644 inanius
912 1602 1015 1664 quarn
1038 1583 1084 1646 de
1106 1581 1307 1645 huiusmodi
1330 1600 1391 1662 po·

246 1633 274 1674 he
306 1642 338 1677 Μ’
406 1692 546 1762 testate,
570 1684 652 1767 quia
674 1684 815 1768 ignorat
832 1686 861 1750 si
876 1687 1006 1750 habeat
1027 1687 1176 1769 aliquam
1191 1684 1393 1749 huiusmodi

406 1797 630 1871 potestatem.
646 1789 792 1875 Ignorat
808 1790 838 1853 si
853 1811 1027 1855 exercens
1044 1800 1259 1874 potestatem
1272 1789 1393 1853 reddit

406 1913 446 1955 se
474 1894 732 1976 dampnabilem
761 1915 807 1957 ex
835 1914 956 1958 errore
983 1894 1144 1959 mendaci
1172 1897 1215 1958 ab
1241 1894 1392 1958 ecclesia

406 1996 651 2080 triumphante.
675 1998 822 2081 Ignorat
846 1999 968 2074 tercio,
993 2000 1022 2063 si
1039 1999 1191 2082 simplex
1208 1998 1391 2062 subiectus
1407 2009 1433 2060 ιε

405 2121 491 2164 suus
522 2104 632 2166 habet
663 2123 707 2165 eo
736 2103 993 2185 quantumlibet
1016 2104 1165 2187 amplius
1191 2101 1391 2186 potestatis.

406 2204 493 2268 Ideo
525 2206 670 2270 indubie
703 2207 933 2271 sacerdotalis
970 2208 1165 2291 potestatis
1201 2205 1390 2290 pompacio

405 2308 496 2373 fetet
524 2330 642 2373 coram
671 2312 752 2375 Deo
781 2324 818 2375 et
844 2311 996 2375 homine.
1035 2311 1160 2376 Coram
1188 2312 1281 2388 De0‚
1310 2309 1392 2393 quia

404 2412 454 2476 illi
478 2434 627 2496 quorum
643 2425 804 2497 potestas
828 2437 847 2478 a
867 2416 949 2479 Deo
971 2415 1200 2498 suspenditur
1210 2436 1289 2504 ‚per
1307 2434 1391 2497 pec·

406 2525 521 2581 catum
553 2519 612 2581 vel
644 2539 691 2581 ex
722 2520 938 2584 inhabilitate
973 2539 1150 2602 nunquam
1180 2527 1392 2601 acceperant
1403 2543 1437 2578 20

405 2631 631 2703 potestatem,
656 2623 843 2686 inmiscent
865 2623 901 2686 in
918 2622 1095 2687 Christum
1112 2642 1285 2706 pompose
1300 2623 1390 2684 blas·

405 2725 538 2808 femias,
559 2727 563 2812 Ι
584 2726 745 2791 dicentes
769 2747 808 2790 se
832 2748 942 2810 posse
966 2729 1057 2791 ultra
1080 2729 1148 2791 hoc
1172 2728 1269 2810 quod
1289 2736 1390 2808 pote·
1422 2740 1482 2786 ω·

405 2840 487 2894 runt
514 2831 668 2912 apostoli
695 2833 753 2894 vel
782 2831 892 2895 eciam
919 2831 1046 2895 Ihesus
1073 2844 1206 2896 noster.
1243 2831 1392 2893 Addunt

406 2934 515 2997 eciam
548 2934 583 2997 in
613 2936 857 3018 palliacionem
887 2956 950 2999 sue
983 2935 1147 2999 versucie
1179 2934 1392 2998 horrendam

404 3039 566 3114 heresim,
590 3040 687 3121 quod
708 3041 808 3103 Deus
831 3040 971 3124 pepigit
995 3039 1159 3116 cumeis,
1183 3041 1280 3122 quod
1302 3038 1435 3120 ipsis25

406 3143 589 3206 assisteret
616 3144 785 3226 quicquid
813 3145 1071 3227 pretenderent
1098 3164 1137 3207 se
1166 3145 1307 3207 solvere
1331 3143 1390 3204 vel

404 3247 525 3330 ligare,
551 3267 594 3310 eo
620 3248 717 3330 quod
740 3248 910 3330 quicquid
933 3248 1087 3332 apostoli
1109 3247 1176 3311 rite
1197 3247 1390 3311 secundum

406 3352 525 3414 claves
555 3351 707 3415 ecclesie
736 3352 788 3415 sic
815 3352 989 3416 solverint
1011 3354 1068 3416 vel
1095 3351 1295 3435 ligaverint,
1320 3349 1392 3412 Dei

405 3455 615 3519 assistencia
638 3456 877 3520 confirmabat.

448 3558 523 3624 Sed
546 3581 631 3624 ceca
654 3560 807 3643 argucia‚
831 3563 925 3624 unde
943 3581 1018 3644 cap.
1036 3560 1092 3624 IX
1116 3581 1163 3624 ex
1182 3558 1390 3623 auctoritate
1403 3571 1436 3622 30

404 3663 500 3729 beati
515 3664 709 3748 Augustini
731 3664 900 3750 magister
922 3665 973 3729 sic
996 3664 1165 3747 loquitur:
1193 3663 1390 3746 erodcum·

404 3787 466 3849 que
495 3770 661 3851 ligaveris
691 3788 798 3851 super
823 3775 956 3833 terram
980 3776 1035 3833 cle.
1057 3771 1117 3832 hoc
1143 3774 1191 3833 est
1213 3781 1273 3850 ego
1298 3768 1391 3832 Deus

459 4019 491 4052 ro.
507 4007 548 4052 AB
563 4012 586 4053 tn
602 4021 688 4063 murga
705 4007 808 4052 Clarium
822 4009 904 4052 atarto
919 4012 942 4052 et
954 4018 1046 4063 pompa.
1103 4018 1135 4063 ις),
1152 4006 1240 4051 codd:
1256 4006 1301 4050 ille.

457 4145 481 4185 2.
501 4134 571 4185 Hier.
592 4132 739 4206 Commpnt.
765 4134 789 4182 in
814 4133 861 4184 Eu.
885 4131 975 4184 Manli.
997 4132 1052 4183 lib.
1073 4133 1113 4191 ill,
1137 4146 1192 4198 cap.
1216 4131 1279 4197 xvi,
1303 4147 1328 4183 r.
1352 4147 1390 4198 19.

402 4221 492 4286 Migne
510 4219 602 4281 XXVI,
626 4219 681 4271 118.
754 4222 793 4273 31.
814 4220 946 4286 Magister,
971 4221 985 4269 i.
1006 4235 1028 4270 e.
1054 4219 1149 4270 Petrus
1169 4217 1312 4269 lomberd.
1332 4217 1349 4267 l.
1369 4232 1390 4268 c.

405 4323 463 4374 pag.
483 4304 557 4373 887..
