3008 5026
683 377 852 427 sommus
872 376 1012 427 wichia
1211 355 1296 445 [cnr.
1310 370 1351 415 χι.

356 535 495 598 cionem
505 537 565 598 vel
575 533 916 597 demonstrationem
926 532 1135 616 gignentem
1147 532 1353 607 scienciam,

354 661 434 704 raro
459 641 517 703 vel
541 660 719 723 nunquam
735 639 931 702 laceremus
948 640 1080 701 bonurn
1097 658 1189 721 opus
1215 636 1353 702 extrin-

356 765 488 822 secum,
531 752 570 807 ut
611 743 736 807 recitat
779 744 961 806 decretum
1008 763 1055 805 ex
1101 741 1353 805 declaracione

355 849 551 934 Augustini
578 847 713 911 XXIII
745 848 885 931 questio
910 847 957 910 V:
991 848 1042 911 De
1069 848 1271 911 occidendis.
1305 845 1355 909 Et

357 954 408 1018 sic
424 974 491 1018 nec
507 953 665 1017 medicus
683 953 877 1037 corporalis
894 972 961 1015 nec
977 953 1136 1016 medicus
1154 949 1353 1035 spiritualis
1368 955 1381 1006 5

358 1079 521 1142 umquam
544 1067 746 1141 apponeret
769 1056 1011 1142 medicinam}

146 1158 193 1204 We
207 1157 344 1212 ⁰¹⁰⁸¹⁰b⁰l
402 1164 443 1226 In
466 1163 595 1227 talibus
618 1163 727 1246 igitur
749 1163 969 1226 innitendum
993 1171 1050 1226 est
1073 1162 1138 1226 arti
1160 1162 1354 1244 scripture,
1387 1167 1445 1231 237‘

148 1211 270 1267 Scriptura
285 1220 341 1253 even

153 1261 335 1367 ,ξ’ᾗῖῗξῐξξζηξξθ
360 1277 396 1331 et
419 1277 503 1332 tunc
526 1268 701 1331 Dominus
732 1267 863 1330 nedum
885 1267 1033 1330 habebit
1055 1286 1121 1330 nos
1145 1275 1355 1342 excusatos,

150 1371 340 1474 ῃξξῐεξζζζξξά
359 1374 424 1436 sed
467 1374 643 1436 subducta
684 1371 815 1435 invidia
860 1370 1063 1454 premiatos,
1109 1371 1219 1434 eciam
1265 1369 1356 1433 licet

149 1471 334 1527 ⁰¹¹sl¹¹¹¹¹⁰s³¹l⁸
358 1478 547 1560 dampnum
571 1477 689 1540 multis
714 1477 864 1548 eveniat,
894 1477 986 1540 sicut
1013 1496 1101 1559 sepe
1126 1474 1280 1558 contigit
1305 1494 1356 1537 ex
1372 1495 1401 1528 10

357 1581 607 1665 predicacione
628 1581 766 1645 Christi.
790 1582 866 1644 Nec
890 1581 1052 1663 sequitur
1075 1600 1122 1642 ex
1144 1579 1226 1661 ist0,
1250 1581 1355 1661 quod

359 1686 510 1769 quilibet
542 1687 653 1749 debet
684 1685 838 1768 spoliare
871 1685 1072 1768 proximum
1111 1691 1354 1765 occupantem

358 1791 545 1874 superflua,
583 1791 666 1873 quia
703 1790 780 1853 aliis
819 1800 857 1854 ut
894 1788 1142 1854 sacerdotibus
1179 1787 1355 1850 limitatur

358 1917 474 1960 sermo
499 1906 621 1960 sancte
645 1895 919 1976 exhortacionis,
952 1895 1026 1958 aliis
1059 1902 1098 1958 ut
1129 1891 1355 1956 secularibus

360 2002 511 2065 dominis
543 2002 711 2066 limitatur
743 2023 861 2066 sermo
894 2021 1021 2064 severe
1059 1997 1280 2075 monicionis‚
1316 2005 1356 2061 et
1372 2002 1401 2051 ¹5

359 2106 435 2170 aliis
468 2115 506 2170 ut
538 2109 646 2172 stulte
680 2109 885 2174 dotantibus
923 2105 1090 2169 limitatur
1126 2107 1162 2167 in
1200 2103 1356 2166 aliorum

361 2210 505 2274 defectu
522 2213 689 2295 operacio
705 2211 892 2296 prudentis
909 2209 1116 2288 ablacionis3
1139 2228 1219 2271 narn
1235 2207 1355 2271 omnis

359 2316 467 2379 homo
492 2318 602 2380 debet
624 2320 731 2381 modo
756 2338 821 2381 suo
844 2319 1020 2400 prodesse
1045 2313 1206 2378 ecclesie.

196 2427 301 2481 Laetius
403 2420 562 2485 Ulterius
598 2424 792 2486 notandum
836 2421 987 2484 finaliter
1025 2422 1122 2504 quod
1160 2417 1356 2481 deficiente

145 2480 257 2593 prurqesq
267 2478 352 2586 qqypre
362 2545 587 2609 quocumque
619 2547 714 2611 papa
746 2548 892 2591 cesareo
931 2528 990 2589 vel
1022 2542 1248 2609 quocumque
1282 2522 1355 2585 alio
1369 2538 1403 2573 20

149 2591 346 2680 agreqnspernpy
363 2630 438 2694 eius
476 2635 616 2714 prelato
654 2653 769 2715 usque
808 2634 850 2695 ad
882 2631 1079 2713 simplicem
1126 2629 1356 2693 sacerdotem

362 2735 441 2817 ipse
474 2736 655 2801 sufficeret
693 2738 890 2801 ministrare
929 2736 1199 2819 qualiacumque
1238 2753 1354 2796 sacra·

363 2849 481 2903 menta
512 2841 547 2903 in
580 2841 755 2925 scriptura
792 2862 893 2904 sacra
915 2839 1117 2918 fundabilia‚
1149 2838 1208 2901 vel
1241 2835 1354 2900 eciam

364 2946 628 3010 sacramentalia
653 2968 723 3030 que
739 2956 824 3030 post
844 2946 1068 3010 dotacionem
1086 2943 1239 3008 ecclesie
1255 2941 1355 3005 licite

363 3060 444 3113 sunt
468 3051 613 3116 adiecta.
1368 3048 1401 3098 25

407 3155 585 3220 Probatur
616 3157 731 3239 primo
765 3177 812 3219 ex
839 3158 907 3220 hoc
940 3158 1038 3238 quod
1065 3161 1283 3219 sacramenta
1318 3160 1355 3214 et

362 3259 461 3337 ritus
494 3281 584 3342 quos
616 3262 717 3325 Deus
748 3261 977 3344 singulariter
1009 3279 1144 3324 summo
1177 3255 1357 3321 sacerdoti

363 3363 525 3442 instituit,
558 3365 675 3447 potuit
708 3375 743 3428 et
775 3365 899 3428 debuit
936 3364 1082 3428 inferior
1113 3363 1279 3427 sacerdos
1318 3360 1354 3422 in

365 3469 508 3532 defectu
533 3470 657 3534 summi
690 3471 886 3534 sacerdotis
909 3471 1094 3553 perficere,
1118 3478 1157 3531 ut
1180 3475 1282 3551 patet
1306 3485 1355 3528 ex

366 3573 477 3638 dictis.
505 3572 579 3638 Sed
601 3577 709 3657 longe
732 3575 878 3639 minoris
903 3574 1119 3639 auctoritatis
1144 3582 1226 3638 sunt
1248 3570 1356 3635 tradi·
1369 3573 1404 3624 30

366 3679 488 3742 ciones
511 3681 662 3743 humane
686 3690 772 3763 post
795 3681 1018 3745 dotacionem
1045 3680 1081 3743 in
1104 3679 1182 3743 istis
1205 3678 1356 3757 adiecta,

365 3783 474 3867 igitur
496 3787 606 3849 multo
630 3786 744 3869 magis
759 3786 856 3868 ipsas
873 3786 1003 3850 sufficit
1020 3787 1190 3867 supplere
1206 3782 1357 3847 inferior

366 3891 543 3954 sacerdos

421 4112 512 4169 19-23.
528 4113 603 4157 Codd.
620 4115 642 4156 ln
659 4127 745 4169 marp:
760 4113 876 4158 Sacerdos
889 4114 987 4169 sr‘mplex
1001 4114 1122 4168 deficiente
1137 4125 1203 4169 papa
1214 4114 1307 4158 cenario
1323 4115 1360 4159 vel

366 4185 414 4227 ulio
428 4186 536 4239 prelato:
555 4186 636 4228 Solum
652 4185 681 4228 Il:
699 4191 776 4240 poles!
792 4185 937 4240 sufficienler·
956 4185 1090 4227 oriatur-are
1106 4186 1185 4228 omnia
1200 4191 1357 4228 sacramenta.

418 4328 442 4373 4.
465 4313 527 4374 Cap.
543 4313 607 4360 Vlll.
