3008 5026
711 373 880 424 Jounuurs
900 372 1041 423 wrcmr
1242 350 1362 442 [caux

383 536 443 592 aut
456 528 667 611 reprobacio
686 531 836 592 humana
857 527 904 592 sit
924 528 1006 592 huic
1029 528 1268 613 impertinens.
1299 527 1376 593 Ista

384 632 476 696 enim
509 653 580 696 non
613 633 861 696 auctoritative
895 633 1116 697 constituunt
1147 632 1205 695 vel
1237 631 1376 696 faciunt

383 757 505 800 verum
538 757 676 820 papam,
716 736 797 819 quia
835 745 919 800 tunc
951 744 1194 800 recurreretur
1226 737 1270 799 ad
1301 738 1373 800 hoc

382 840 648 903 fundamentum
677 840 771 918 fidei,
799 849 839 904 ut
866 843 961 906 salus
989 841 1120 904 exinde
1145 859 1374 924 consequens

382 946 563 1019 habeatur,
597 946 661 1008 sed
693 945 890 1008 omittendo
919 947 978 1009 vel
1009 945 1220 1009 incurrimus
1251 950 1400 1009 notam5

382 1048 600 1113 infidelitatis
623 1051 682 1113 vel
706 1052 962 1114 subsannamus
985 1049 1088 1112 istam
1110 1049 1283 1114 ficticiam.

427 1152 594 1217 Secundo
621 1155 815 1237 replicatur
842 1175 909 1238 per
936 1156 1119 1218 decretum
1150 1154 1246 1218 beati
1272 1153 1373 1233 Jero·

383 1258 480 1341 nymi
503 1258 659 1342 positum
676 1258 809 1321 XXIV
833 1258 1066 1324 distinccione
1089 1258 1212 1342 prima,
1235 1258 1297 1321 ubi
1320 1257 1372 1322 sic

384 1361 564 1427 scribitur:
593 1362 666 1427 Hec
688 1369 736 1427 est
749 1364 853 1444 fides,
871 1383 971 1447 pepe
987 1365 1190 1440 beatissime,
1205 1381 1311 1443 quam
1335 1364 1372 1425 iu

172 1476 367 1572 feirlnli‘illih
384 1469 520 1530 ecclesia
536 1469 700 1531 catholica
715 1469 904 1533 didicimus
918 1487 1085 1549 quumque
1105 1486 1240 1549 semper
1258 1468 1371 1530 tenui·
1387 1489 1417 1524 ιο

172 1579 471 1648 commonuerimus,
494 1574 530 1635 iu
552 1591 621 1652 qua
643 1573 771 1653 siquid
787 1575 904 1637 minus
923 1575 1032 1654 perite
1046 1577 1108 1636 uret
1125 1589 1258 1653 purum
1275 1575 1373 1634 caute

383 1678 516 1757 aliquid
538 1679 693 1758 positum
716 1682 773 1753 est,
806 1679 987 1742 emendari
1013 1678 1173 1759 cupimus
1195 1695 1218 1739 a
1240 1681 1280 1755 te,
1313 1677 1373 1756 qui

382 1780 478 1844 Petri
498 1783 613 1845 sedem
635 1786 726 1845 tenes
749 1787 779 1845 et
792 1783 914 1862 fidem.
953 1780 993 1845 Si
1023 1787 1137 1845 autem
1169 1781 1227 1842 bec
1252 1783 1373 1841 nostra

382 1884 546 1965 consessio
563 1888 775 1968 apostolatus
794 1888 845 1950 tui
867 1889 995 1950 iudicio
1017 1886 1270 1968 comprobetur,
1292 1884 1371 1964 qui-

383 2007 525 2069 cumque
556 2011 611 2054 me
642 1994 783 2073 culpare
815 1994 968 2070 voluterit,
1006 2011 1041 2055 se
1078 1991 1278 2071 imperitum
1310 1993 1374 2051 aret
1388 1993 1416 2044 15

383 2095 586 2157 malivolum
610 2099 661 2159 vet
683 2098 792 2160 eciam
813 2115 880 2159 uon
896 2097 1097 2159 catholicum
1113 2096 1173 2158 sed
1186 2095 1371 2157 hereticum

383 2201 623 2279 comprobabit.
646 2200 691 2262 Et
708 2200 882 2283 sequitur:
900 2199 1029 2264 Sancta
1044 2199 1206 2262 Romana
1222 2199 1372 2275 ecclesia,

384 2320 446 2383 que
468 2322 604 2385 semper
624 2305 853 2368 immaculate
876 2305 1082 2386 permansit,
1115 2302 1263 2365 Domino
1291 2320 1370 2364 cou-

383 2407 515 2470 cedeute
547 2413 576 2471 et
607 2410 701 2471 beato
729 2408 829 2472 Petro
861 2411 1013 2491 apostolo
1037 2426 1136 2488 opem
1155 2405 1301 2486 ferente,
1335 2407 1372 2467 iu

382 2508 509 2590 futtuo
532 2514 682 2575 manebit
713 2514 788 2577 siue
809 2511 881 2575 uita
904 2514 1131 2576 hereticorum
1146 2510 1418 2574 institucionem

382 2612 562 2694 firmaque
585 2621 615 2677 et
637 2617 824 2681 immobilis
841 2617 1001 2700 persistet
1023 2616 1120 2679 omui
1141 2621 1301 2695 tempore.

426 2716 539 2780 Multe
574 2727 656 2783 sunt
688 2729 724 2784 et
755 2721 857 2804 leges
890 2730 926 2783 et
959 2730 1162 2783 sanctorum
1186 2716 1371 2781 sentencie

383 2821 428 2883 de
460 2821 722 2903 preeminencie
744 2824 908 2887 Romane
942 2823 1104 2887 ecclesie.
1142 2822 1216 2887 Sed
1248 2823 1294 2884 ad
1321 2820 1371 2883 in-

383 2924 615 3009 telligendum
653 2927 721 2990 ista
760 2929 904 2991 decreta
934 2927 1162 3012 sanctorum!
1183 2928 1372 2990 doctorum
1403 2930 1467 2985 223⁴

383 3031 566 3116 theologie
599 3041 744 3115 oportet
776 3044 998 3116 postponere
1031 3033 1174 3115 glossas
1200 3031 1417 3111 Johannis25

385 3136 429 3198 de
453 3135 546 3211 De0,
568 3137 738 3216 Johannis
763 3139 918 3214 Andree,
946 3137 1117 3217 Johannis
1140 3136 1308 3201 Monachi
1335 3145 1373 3200 et

383 3239 435 3301 eis
456 3238 627 3317 similium,
654 3241 713 3324 qui
729 3242 858 3324 logice,
875 3241 1143 3324 methaphisice,
1167 3240 1372 3322 theologice

174 3385 219 3430 We
234 3395 297 3430 mus,
312 3396 364 3431 ηοω
383 3354 584 3406 sanctorum
602 3343 785 3407 sentencie
802 3354 885 3408 sunt
899 3344 1021 3427 ignari.
1037 3343 1195 3426 Oportet
1205 3344 1372 3426 (inquam)

182 3439 355 3545 sss‘e'ffi‘ffi‘e
383 3457 507 3509 notare
539 3447 638 3511 iuxta
670 3447 765 3511 dicta
797 3450 892 3530 quod
923 3450 1051 3511 beatus
1073 3447 1291 3530 Jeronymus
1322 3447 1372 3510 lo·

189 3543 351 3596 ls⁰d⁰⁵‘¹¹¹⁰¹²·
383 3550 502 3632 quitur
531 3551 575 3612 de
604 3569 738 3631 genere
767 3551 1091 3633 predestinatorum
1115 3551 1282 3626 fidelium,
1311 3551 1373 3632 qui
1385 3558 1420 3609 30

383 3653 594 3735 principium
619 3664 843 3737 sumpserant
867 3677 887 3717 a
908 3655 1091 3720 Romanis
1123 3655 1255 3717 Paulus
1279 3653 1372 3716 enim

382 3756 449 3820 fuit
471 3758 657 3820 Romanus
683 3779 728 3820 ex
752 3778 897 3840 genere,
928 3770 967 3821 ut
990 3767 1090 3841 patet
1113 3760 1194 3822 Act.
1219 3756 1311 3821 XVI
1335 3764 1373 3819 et

435 4026 457 4069 7.
472 4016 494 4059 Α
505 4015 527 4058 in
539 4027 626 4070 merga
642 4027 681 4066 ao,·
696 4015 746 4059 liin
758 4026 844 4070 marg:
859 4014 993 4070 Replicaeio
1007 4015 1124 4059 notabitis.
1179 4014 1201 4059 8.
1216 4016 1238 4059 Α
1248 4014 1271 4057 in
1282 4025 1371 4068 marga

383 4083 443 4127 Nota
457 4090 620 4141 argumentum
635 4085 745 4140 optimum
758 4096 803 4140 pro
819 4096 906 4140 papam
920 4097 969 4128 esee
978 4090 1055 4141 etpro
1069 4084 1119 4129 eim
1128 4084 1252 4141 regimine,
1265 4083 1374 4128 redeam

382 4158 498 4196 extortam
513 4155 642 4197 evasionem
656 4155 732 4197 tsh'us.

434 4312 458 4366 9.
478 4297 578 4346 Decreti
600 4298 721 4347 Secunda
741 4297 811 4356 l‘nrs,
832 4297 918 4347 Causa
936 4297 1027 4360 xxiv,
1046 4312 1091 4364 qu.
1111 4297 1129 4364 Ι,
1149 4311 1206 4363 cap.
1224 4294 1291 4347 XIV.
