3008 5026
133 427 194 472 roo
675 422 844 474 ronanus
863 423 1003 474 wrcen·
1211 403 1294 494 [can.
1308 421 1340 464 v.

157 595 236 693 illd
261 594 327 691 ,⁸2⁰⁸
395 581 502 645 Unde
535 580 654 645 nimiss
673 600 803 665 magna
834 581 988 646 stulticia
1024 581 1118 645 foret
1156 583 1340 666 apostolos

144 699 332 797 ,iss‘gssfflg‘gm
350 703 558 768 presumere
590 685 674 748 dare
705 684 775 748 illis
807 684 902 749 vasis
924 685 1115 765 licenciam,
1146 696 1339 770 postquam

130 797 602 900 wsonaapimpcognoverunt
640 789 739 872 quod
774 790 875 853 Deus
911 790 1012 873 prius
1049 791 1149 856 dedit
1190 791 1234 854 ad
1270 793 1340 855 hoc

150 862 314 953 'mevitto
350 893 532 958 licenciam
556 905 592 957 et
614 903 836 977 preceptum.
869 894 1040 977 Mamaea,
1067 895 1221 978 inquam,
1245 897 1341 960 foret

353 999 517 1080 stulticia,
539 1019 606 1065 nos
627 1000 711 1063 dare
730 999 913 1064 licenciam
933 1000 1069 1081 angelis
1090 1001 1134 1064 ad
1157 1008 1366 1084 exequen·5

352 1108 435 1171 dum
450 1124 551 1169 suum
568 1104 734 1184 officium,
749 1105 846 1186 quod
855 1105 957 1167 Deus
966 1106 1182 1189 preceperit,
1200 1105 1341 1171 Sufficit

349 1211 459 1300 igitur
475 1209 607 1275 Christi
622 1209 812 1273 auctoritas
828 1208 905 1271 sive
921 1209 1080 1287 licencia,
1104 1231 1173 1294 qua
1197 1212 1342 1293 cognita

350 1317 437 1381 licet
446 1335 575 1399 rogare
587 1324 625 1379 et
633 1313 764 1379 hortari
780 1315 823 1376 ad
837 1312 931 1377 illam
942 1314 1068 1378 sedule
1081 1317 1341 1398 exequendum.

353 1421 456 1487 Unde
480 1428 627 1504 oportet
648 1403 772 1482 notare
788 1436 856 1500 pro
872 1417 1057 1482 intellectu
1076 1419 1178 1485 istius
1193 1419 1342 1484 historie

353 1525 552 1610 apostolice
572 1523 774 1603 benedicte,
798 1522 978 1606 quomodo
994 1523 1194 1606 Apostolus
1217 1524 1344 1609 incipit
1358 1545 1388 1579 ¹0

353 1633 525 1696 calculare
549 1649 569 1693 a
592 1626 829 1693 conversione
853 1646 926 1708 sua,
951 1627 995 1691 de
1020 1630 1233 1712 quaAct...;
1257 1638 1343 1694 tunc

352 1735 446 1800 enim
470 1742 686 1818 segregatus
716 1731 784 1796 fuit
815 1751 862 1793 ex
894 1738 996 1796 utero
1019 1734 1138 1797 matris
1161 1754 1225 1798 sue
1242 1755 1344 1818 syna·

352 1860 459 1928 goge,
486 1859 553 1922 pro
578 1838 677 1902 cuius
702 1835 913 1900 defensione
940 1836 1131 1903 infideliter
1152 1840 1343 1915 laboravit:

354 1955 391 2010 et
421 1944 503 2009 hinc
536 1952 641 2007 vocat
674 1963 714 2006 se
747 1942 862 2025 ipsum
896 1943 1089 2008 abortivum
1121 1945 1235 2026 prima
1263 1944 1342 2012 Cor.

352 2048 436 2131 XV,
481 2053 515 2112 8:
561 2048 761 2126 Novissime,
805 2048 932 2129 inquit,
977 2053 1154 2130 tamquam
1192 2051 1389 2114 anarrinon

356 2154 510 2223 christus
532 2155 625 2218 visus
647 2158 694 2216 est
718 2153 834 2231 michi,
859 2151 941 2233 quia
965 2153 1009 2214 de
1032 2162 1141 2216 matre
1166 2173 1229 2217 sua
1244 2173 1344 2236 syna·

357 2279 455 2343 goga
478 2257 611 2341 prodiit
633 2256 712 2339 ipsa
728 2256 895 2321 ocasione
911 2256 1004 2320 illius
1025 2258 1144 2321 exitus
1159 2268 1345 2341 pereunte,

356 2364 447 2446 quia,
477 2372 517 2426 ut
539 2361 666 2425 dicitur
688 2362 768 2425 Act.
792 2361 859 2439 IX,
887 2381 938 2425 10:
978 2363 1109 2427 Mansit
1136 2382 1214 2428 cum
1238 2364 1345 2428 disci-

350 2471 447 2551 pulis
478 2469 596 2531 diebus
626 2468 769 2547 aliquan
807 2485 898 2548 quos
930 2466 1023 2533 absit
1055 2468 1202 2530 credere
1233 2467 1346 2531 fuisse
1430 2470 1432 2479 '

356 2573 549 2655 apostolos,
582 2579 619 2634 et
643 2569 809 2633 continue
830 2571 1096 2651 {invalescebat
1124 2571 1347 2635 confundens
1380 2571 1441 2626 ¹85⁴

355 2675 491 2756 Judeos
523 2682 673 2758 propter
707 2694 861 2739 amorem
884 2675 1040 2755 indubie,
1072 2695 1143 2757 quo
1171 2675 1347 2739 dilexerat

356 2789 501 2843 matrem
526 2798 632 2841 suam.

158 2890 209 2935 nne
223 2889 325 2945 ⁸v0⁶t¹e⁸
400 2884 457 2946 Ex
487 2883 565 2947 istis
590 2882 777 2965 colligitur,
806 2885 905 2965 quod
933 2884 1024 2947 sicut
1048 2904 1171 2947 omnes
1194 2884 1348 2966 apostoli

159 2941 327 3038 coperanegfon
358 2997 479 3072 preter
494 2986 657 3052 Scarioth
674 2996 774 3050 erant
789 2988 877 3051 socii
893 2988 962 3054 sibi
978 2989 1201 3068 obedientes,
1209 2990 1346 3052 honore

150 3047 342 3142 Ἥῐάᾞοῗιᾝτιῗθ
358 3091 508 3155 invicem
532 3092 786 3174 prevenientes
811 3100 846 3154 et
870 3091 1074 3174 superiores
1090 3092 1242 3156 invicem
1258 3091 1347 3155 arbi·
1359 3097 1391 3149 25

359 3203 503 3273 trantes‚
529 3195 589 3278 qui
612 3195 799 3260 inmediate
823 3197 936 3260 aDeo
952 3205 1166 3278 potestatem
1191 3207 1226 3260 et
1241 3196 1348 3261 licen·

361 3301 447 3364 ciam
480 3302 523 3363 ad
556 3300 868 3384 evangelizandum
898 3310 1130 3384 acceperunt;
1164 3301 1215 3365 sic
1238 3303 1349 3367 debet

362 3424 442 3468 esse
476 3406 520 3466 de
554 3405 800 3469 sacerdotibus
834 3414 871 3468 et
893 3405 1073 3489 episcopis
1106 3405 1257 3469 ecclesie
1280 3405 1348 3468 iam

361 3508 534 3584 instantis,
558 3509 606 3571 ita
623 3510 719 3591 quod
736 3509 925 3592 disparitas
942 3509 1127 3573 ditacionis
1143 3510 1348 3573 societatem

153 3617 343 3725 Sffiffifflffnzur
363 3621 400 3676 et
421 3612 611 3676 amiciciam
629 3613 870 3698 evangelicam
892 3634 962 3677 non
980 3614 1163 3694 dissolvet,
1187 3614 1268 3696 quia
1284 3634 1350 3696 per
1362 3622 1395 3673 30

172 3721 267 3777 sunops
282 3721 321 3765 do·
361 3717 455 3780 idem
480 3716 641 3781 Christus
664 3736 730 3800 per
753 3716 923 3801 possibile
946 3738 1205 3782 reconversans
1228 3719 1348 3782 nobis·

363 3840 452 3900 cum,
485 3823 681 3884 observans
713 3821 845 3884 scolam
877 3841 974 3885 suam
1008 3843 1056 3886 ex
1086 3822 1228 3908 integro
1258 3822 1351 3886 sicut

363 3924 455 4002 olim,
482 3944 554 3987 non
581 3926 730 3989 haberet
752 3945 880 4008 papam
904 3928 963 3988 vel
992 3927 1132 3990 dotatos
1155 3926 1351 4009 episcopos

367 4027 487 4092 socios
509 4030 568 4091 vel
591 4029 723 4092 amicos
749 4031 812 4092 sed
836 4030 1010 4108 dominos,
1038 4029 1169 4113 quibus
1191 4031 1351 4094 solveret

364 4133 533 4196 tributum
558 4133 648 4198 sicut
672 4134 753 4198 olim
778 4135 861 4199 feeit
885 4134 1004 4199 cesari.
1042 4134 1124 4199 Non
1147 4133 1240 4198 enirn
1269 4145 1395 4200 con-35

418 4383 439 4414 2.
455 4373 529 4423 varim·
542 4373 573 4416 ita
589 4374 642 4416 cod.
