3008 5026
653 406 828 456 muamus
847 404 986 456 wrcen*
1189 383 1273 473 [aar.
1284 400 1313 443 v.

325 562 404 626 talis
436 582 508 625 non
540 561 635 624 foret
665 560 794 625 familia
826 561 1043 625 secularibus
1072 579 1225 623 onerosa
1246 579 1315 623 nec

324 666 360 729 in
403 665 668 729 sustentacione
711 667 889 730 subducto
933 666 1044 747 globo
1089 672 1316 728 monstruose

122 821 190 863 Mn„
204 817 301 862 wffioed
325 768 556 834 multitudinis
579 779 796 852 sumptuosa
834 767 873 834 Si
901 761 992 831 enim
1014 768 1155 850 private
1182 769 1316 832 elemo-

118 873 154 916 s0‘
168 871 206 914 ‘¹¹⁶
221 870 307 926 ΡΜ*
327 874 413 953 sine,
446 876 587 957 quando
611 875 763 937 mundus
795 872 862 936 fuit
884 871 1114 954 irreligiosior
1140 881 1177 935 et
1201 873 1318 936 clerus

174 935 195 964 W

111 923 244 1022 cmliii
257 986 317 1018 ''⁶“
328 978 560 1057 necessarior,
593 977 810 1041 suffecerunt
833 977 878 1039 ad
909 979 1178 1040 sustentandum
1203 985 1344 1040 totum&

120 1028 305 1176 ῑὴξξὲἓξὲἓάῡθ
330 1084 461 1146 clerum
486 1081 625 1162 Christi,
658 1091 791 1164 quanto
815 1081 927 1163 magis
951 1080 1059 1144 hodie
1087 1080 1320 1163 superaddite

330 1187 535 1250 oblaciones
553 1194 589 1248 et
606 1186 750 1250 decime.
773 1184 1019 1250 Subducamus
1034 1185 1154 1268 itaque
1169 1185 1206 1249 in
1222 1186 1319 1248 clero

331 1290 526 1373 avariciam,
555 1289 683 1353 fastum
713 1300 749 1355 et
778 1289 896 1353 officio
925 1309 991 1352 suo
1018 1289 1252 1371 impertinens
1280 1309 1321 1352 ac

331 1393 559 1478 superfluum,
584 1402 621 1457 et
641 1413 713 1456 non
735 1392 878 1456 dubium
904 1394 988 1475 quin
1009 1393 1094 1457 satis
1115 1392 1323 1456 sufficerent

332 1508 369 1562 et
401 1500 623 1562 commodum
656 1497 840 1579 spirituale
865 1497 1014 1561 exhinc
1037 1497 1074 1560 in
1097 1497 1322 1561 secularibus
1336 1525 1365 1558 lo

333 1613 370 1667 et
407 1602 544 1666 clericis
583 1603 882 1667 circumcrescens
919 1602 1091 1666 infinitum
1127 1603 1324 1666 excederet

332 1707 609 1791 prosperitatem
626 1717 663 1770 et
677 1706 824 1792 gloriam
848 1708 1055 1770 mundanam
1081 1726 1128 1769 ex
1151 1706 1324 1789 opposito

334 1811 608 1895 contingentem.
632 1810 862 1875 Affecciones
877 1811 997 1895 itaque
1013 1812 1224 1894 personales
1240 1811 1325 1875 cari·

170 1931 280 1994 ,crustu
335 1917 399 1979 tati
437 1915 616 1979 contrarie
662 1915 796 1978 faciunt
838 1916 935 1998 quod
973 1915 1154 1979 ordinacio
1196 1915 1327 1980 Christi

117 1986 325 2132 ἕῖξιᾞῗιῖῗῖῧζν
336 2020 602 2103 contempnitur
633 2028 670 2081 et
702 2028 757 2083 tot
781 2019 1034 2101 scripturarum
1058 2039 1098 2082 ac
1123 2029 1325 2082 sanctorum
1341 2035 1369 2083 15

118 2102 146 2134 οἳ
165 2090 300 2144 arrregarae
319 2121 539 2189 'testimonia
562 2125 621 2187 vel
644 2132 726 2187 sunt
749 2123 893 2188 sinistre
922 2125 1080 2206 glossata
1103 2124 1161 2186 vel
1183 2145 1204 2186 a
1227 2124 1326 2187 clero

337 2228 528 2294 infideliter
550 2228 775 2310 parvipensa.

383 2332 457 2398 Sed
496 2341 620 2397 contra
656 2333 743 2396 illud
779 2333 948 2415 arguitur,
992 2332 1106 2415 primo
1143 2334 1188 2395 de
1233 2353 1329 2416 papa

339 2439 518 2521 quomodo
542 2457 614 2500 non
638 2436 820 2500 sufficeret
840 2436 1003 2517 dignitati
1049 2437 1102 2500 sui
1127 2436 1234 2500 oflicii
1258 2438 1326 2502 nisi

338 2543 488 2606 haberet
525 2561 636 2623 regna
682 2551 719 2603 et
751 2541 898 2624 copiosa
936 2540 1088 2604 dominia
1118 2561 1185 2623 pro
1219 2562 1258 2605 se
1291 2552 1371 2608 etro

339 2647 412 2711 suis
444 2644 624 2708 officiariis
656 2644 809 2712 limitata
845 2644 892 2708 Et
929 2645 1022 2708 idem
1069 2653 1125 2709 est
1160 2645 1328 2710 iudicium

340 2752 384 2814 de
417 2749 550 2813 nostris
587 2749 767 2832 episcopis
799 2759 907 2833 atque
938 2749 1139 2816 abbatibus.
1177 2747 1250 2813 Sed
1283 2751 1329 2813 ad

339 2854 436 2918 istud
459 2872 548 2936 sepe
577 2853 709 2916 dictum
741 2854 910 2937 estquod
930 2852 1178 2917 officiariorum
1204 2874 1328 2936 super-

340 2957 458 3022 fluitas
482 2967 519 3020 et
542 2968 772 3041 apparatuum
796 2958 1052 3040 sumptuositas
1077 2967 1132 3021 est
1154 2957 1190 3021 in
1214 2978 1330 3023 causa

340 3064 447 3127 Unde
485 3063 812 3145 correspondenter
847 3064 891 3126 ad
927 3062 1074 3126 istorum
1111 3071 1330 3126 crementum
1343 3081 1373 3132 25

343 3167 519 3231 decrescit
547 3166 764 3249 religiositas
795 3175 831 3229 et
862 3166 1080 3230 edificatoria
1111 3166 1331 3233 officiositas

344 3272 448 3336 Unde
464 3271 691 3334 Bemhardus
706 3271 798 3334 libro
814 3270 868 3334 IV
879 3273 923 3334 ad
938 3271 1153 3354 Eugenium:
1170 3271 1265 3335 Inter
1273 3272 1333 3336 hcc

342 3383 379 3440 tu
396 3382 522 3459 pastor
538 3377 700 3457 procedis
721 3375 923 3455 deauratus,
950 3381 1023 3438 tam
1045 3377 1157 3439 mutia
1177 3378 1331 3440 circum·

343 3482 446 3545 datus
476 3482 648 3545 varietate.
675 3477 761 3544 Oves
786 3480 869 3562 quid
896 3481 1060 3562 capiunt?
1094 3477 1134 3544 Si
1164 3481 1333 3545 auderem

344 3586 465 3656 dicere,
498 3586 682 3648 demonum
715 3586 832 3666 magis
854 3604 959 3667 quam
981 3587 1096 3648 ovr'um
1116 3602 1254 3667 pascua
1275 3586 1376 3656 becio

343 3694 432 3753 sunt.
455 3688 532 3752 Non
554 3690 605 3752 sic
618 3688 804 3770 factitabat
820 3691 946 3755 Petrus
967 3691 1019 3753 vet
1033 3689 1167 3753 Paulus
1188 3689 1334 3754 ludebat.

345 3794 392 3856 Et
423 3792 597 3875 sequitur:
630 3792 811 3859 Pastorem
842 3800 872 3858 te
899 3794 1028 3876 populo
1060 3798 1121 3857 aut
1151 3805 1241 3876 nega
1272 3799 1335 3857 aui

347 3898 474 3976 exhibe;
496 3915 565 3962 non
579 3899 732 3981 negabis,
756 3917 798 3962 ne
810 3900 909 3962 cuius
923 3899 1037 3962 sedem
1053 3902 1144 3962 tenes
1164 3896 1168 3980 Ι
1187 3903 1336 3980 irreges
1365 3900 1395 3952 18

345 4004 518 4079 heredem·
549 4002 672 4068 Petrus
701 4003 755 4066 tric
786 4008 843 4081 est,
874 4004 933 4083 qui
959 4003 1110 4067 nescitur
1126 4002 1336 4084 processisse

402 4237 435 4279 17.
451 4227 472 4269 Α
487 4226 510 4269 in
526 4237 611 4280 marg:
627 4226 692 4282 Papa
707 4230 805 4270 ornatur
817 4226 962 4269 seculariter.

402 4364 441 4415 27·
462 4353 525 4418 Cap.
544 4353 565 4402 ll
584 4351 697 4418 (Migne)
716 4353 786 4418 Opp.
806 4352 824 4413 l,
843 4367 869 4417 p.
888 4351 947 4417 776.
971 4351 1010 4403 Cf.
1030 4351 1120 4400 Hussii
1139 4351 1208 4416 Opp.
1231 4346 1301 4402 212⁸.
