3008 5026
159 409 228 455 cup.
242 393 273 484 ι]
456 416 500 466 ne
520 415 731 466 Potestne
750 417 850 467 enee.

158 571 239 635 ideo
262 571 376 635 voluit
398 572 527 635 emisse
550 580 767 655 potestatem
790 573 951 656 pecunia,
985 586 1022 637 ut
1045 587 1146 658 patet

158 677 314 739 Actuum
336 675 435 740 VIII.
473 676 547 741 Sed
579 676 691 739 nostri
722 678 898 762 prepositi
930 678 1078 762 quietati
1109 681 1146 743 in

159 780 292 844 cortice
324 780 516 866 signorum,
548 783 664 846 solum
696 792 890 865 querentes
914 785 1085 848 honorem
1109 794 1147 850 et

157 884 292 949 lucrum
316 886 437 968 seculi,
467 895 549 951 sunt
572 886 737 950 odibilius
760 887 842 951 Deo
867 888 1076 970 symoniaci,
1110 898 1146 952 et

133 989 209 1055 §sic
225 991 443 1071 conceditur,
459 1001 498 1054 ut
513 991 670 1073 tangitur
685 992 721 1054 in
738 993 1009 1057 confirmacione
1025 994 1145 1075 tercia,

158 1095 254 1176 quod
278 1095 379 1159 nimis
403 1097 511 1158 multe
536 1096 854 1179 sophisticaciones
874 1098 998 1163 volant
1019 1097 1054 1160 in
1078 1098 1146 1162 ista

156 1199 309 1278 materia,
342 1200 424 1282 quia
452 1221 577 1264 omnes
610 1221 680 1282 que
713 1221 785 1263 non
826 1210 910 1266 sunt
944 1202 1145 1266 fundabiles

155 1302 190 1366 in
214 1303 400 1387 scriptura,
433 1325 512 1369 cum
544 1304 622 1387 ipsa
655 1304 835 1370 contineat
865 1305 1023 1389 singulas
1055 1307 1145 1370 veri·

156 1417 256 1472 tates.

114 1543 146 1576 ιο
197 1513 419 1577 Potestatem
447 1523 564 1578 autem
587 1516 782 1577 secularem
805 1516 955 1598 regendi
984 1516 1144 1598 civiliter,

155 1616 296 1680 videtur
332 1618 549 1701 Apostolum
591 1618 740 1682 fundare
783 1619 888 1683 Rom.
926 1619 1020 1683 XIII
1063 1641 1142 1685 1—2

155 1723 296 1804 quando
321 1731 427 1787 vocat
454 1723 671 1805 temporales
695 1723 856 1786 dominos
878 1730 1075 1806 potestates,
1107 1735 1144 1790 et

155 1825 247 1903 dicit,
280 1829 377 1909 quod
403 1847 472 1891 uon
503 1830 577 1892 siue
608 1847 714 1892 cause
733 1834 878 1910 portant
901 1831 1075 1913 gladium,
1106 1831 1143 1894 id

155 1941 210 1995 est
232 1941 448 2014 potestatem
477 1932 628 1996 civiliter
657 1933 862 2014 coactivam,
894 1933 1016 1996 dicens
1045 1937 1143 2018 quod

114 2052 142 2102 15
153 2037 245 2099 idem
252 2036 348 2118 foret
363 2040 518 2100 resistere
528 2037 598 2101 Deo
615 2043 645 2101 et
660 2039 731 2102 illis
746 2039 865 2120 quoad
885 2037 1143 2102 execucionem

152 2140 353 2204 huiusmodi
375 2142 574 2224 potestatis,
597 2144 679 2223 quia
703 2143 755 2225 (ut
776 2142 901 2225 inquit)
924 2161 992 2206 uon
1015 2148 1063 2206 est
1081 2161 1142 2226 ,vo-

152 2250 256 2309 testus
270 2247 340 2310 uisi
354 2266 377 2310 u
394 2246 482 2324 Deo,·
502 2248 601 2330 quod
617 2256 763 2330 oportet
782 2247 924 2310 omnino
941 2247 1142 2329 intelligere

154 2350 251 2431 quod
273 2351 371 2413 solus
394 2348 495 2414 Deus
520 2350 580 2414 dat
606 2351 809 2415 huiusmodi
831 2359 1058 2435 potestatem,
1082 2351 1141 2414 vel

153 2454 251 2536 quod
282 2474 353 2517 non
378 2455 478 2517 datur
501 2475 520 2517 a
542 2454 710 2518 racionali
733 2465 900 2534 creatura,
933 2455 1000 2520 nisi
1021 2456 1139 2539 Deus}

62 2570 125 2623 165⁴
152 2558 252 2640 prius
282 2559 396 2641 ipsam
428 2558 574 2638 dederit,
606 2557 655 2622 ita
686 2561 784 2641 quod
816 2560 885 2622 hoc
911 2559 1051 2645 signum
1073 2561 1142 2622 uisi

153 2671 310 2726 sumatur
325 2682 392 2746 pro
407 2663 439 2726 si
454 2681 531 2744 nou,
548 2663 594 2725 ad
609 2665 752 2726 modum
768 2664 938 2746 loquendi
954 2664 1142 2746 scripture.

152 2764 200 2832 Et
216 2767 322 2831 istum
338 2787 481 2830 sensum
501 2766 592 2831 dixit
608 2766 767 2831 Christus
784 2768 862 2846 Joh.
879 2767 985 2849 XIX,
1006 2786 1141 2851 10-11,

153 2873 214 2935 ubi
233 2873 364 2957 legitur
382 2871 522 2935 Christo
539 2881 681 2935 tacente
696 2870 831 2935 Pilatus
848 2872 999 2936 dixisse:
1024 2872 1144 2937 Nescis

152 2980 233 3057 quie
252 2983 453 3061 potestatem
474 2977 579 3040 habeo
603 2977 803 3059 crucifigere
824 2983 856 3041 te
893 2984 922 3042 et
943 2983 1142 3060 potestatem

111 3084 255 3147 rihebeo
277 3083 449 3145 dimittere
472 3083 528 3145 te?
559 3081 623 3148 Cui
645 3080 761 3146 Jesus:
792 3081 868 3145 Nou
895 3083 1035 3146 haberes
1054 3088 1142 3164 pote·

153 3192 274 3251 statem
297 3187 482 3250 adversum
506 3205 561 3250 me
583 3189 704 3266 tellam,
736 3188 805 3251 uisi
827 3188 889 3250 tibi
910 3188 1032 3250 datum
1061 3192 1144 3251 esset

153 3294 308 3373 desuper.
346 3289 465 3373 Super
498 3311 569 3374 quo
602 3292 828 3374 Augustinus
856 3290 993 3355 Omelia
1022 3290 1144 3355 CXVI

153 3404 264 3476 notat,
295 3395 410 3478 primo
444 3396 624 3477 quomodo
648 3396 824 3460 Dominus
857 3416 945 3479 sepe
974 3395 1085 3459 tacuit
1108 3405 1144 3458 et

154 3520 242 3583 sepe
258 3499 455 3582 respondit.
473 3499 599 3563 Iacuit
615 3520 733 3564 coram
747 3501 873 3571 Pilato,
896 3519 1013 3563 coram
1029 3520 1143 3565 sacer-

111 3619 144 3668 30
155 3604 298 3667 dotibus
323 3614 360 3667 et
381 3604 527 3667 Herode
551 3615 703 3689 propter
725 3606 800 3687 tria,
824 3605 938 3687 primo
962 3614 1001 3668 ut
1020 3605 1143 3688 imple·

153 3717 251 3771 retur
274 3707 443 3790 scriptum
467 3708 560 3771 Isaie
583 3709 677 3792 LIII,
703 3731 736 3791 7:
767 3709 861 3773 Sicut
888 3722 1000 3790 agnus
1024 3728 1144 3773 coram

153 3815 307 3876 tondente
321 3815 490 3893 siuevoce,
500 3815 550 3877 sie
565 3834 632 3877 uon
648 3817 785 3896 aperuit
795 3834 833 3879 os
847 3834 969 3889 suum,·
984 3817 1143 3878 secundo

204 4013 227 4052 4.
248 3998 276 4043 B:
291 3999 396 4043 odibiles.
452 4012 485 4042 ιο.
501 3999 531 4043 B:
545 4003 673 4046 secutarem
688 4003 759 4046 deest.
815 4015 846 4046 11.
866 4003 883 4046 Β
902 4002 925 4047 in
945 4015 1031 4058 merga
1052 4001 1145 4047 Funda-

152 4073 252 4112 mentum
270 4071 394 4125 potestatis
414 4069 494 4113 civilis.
584 4084 620 4128 29.
642 4071 683 4116 ΑΒ
706 4073 729 4115 in
752 4085 839 4128 mnrg.:
862 4072 970 4116 Christus
989 4085 1044 4128 sepe
1063 4073 1137 4117 tacuit

154 4137 192 4182 30.
207 4141 229 4182 A
243 4139 266 4182 in
282 4151 368 4196 merga
384 4152 402 4184 1.
460 4141 498 4186 32.
514 4144 534 4185 Α
550 4142 573 4185 in
590 4154 677 4197 marga
693 4152 715 4186 2.

208 4278 231 4314 2.
245 4267 301 4316 Act.
312 4267 378 4336 Vlll‚
393 4268 499 4318 18-21.
573 4281 613 4333 27.
628 4269 788 4335 Augustinus
799 4271 825 4318 in
835 4269 882 4319 Ev,
893 4269 1002 4318 loannis
1013 4283 1070 4334 cap.
1080 4269 1144 4329 lllX,

153 4363 226 4402 treet.
245 4354 345 4403 CXVll.

1006 4441 1042 4492 2*

1192 1533 1244 1575 God
1260 1534 1327 1577 ulone

1189 1586 1253 1640 gives
1267 1587 1319 1630 civil

1214 1651 1301 1693 power,

1196 2921 1222 2952 ns
1237 2907 1316 2952 Christ

1183 2962 1288 3005 declared
1303 2969 1327 3004 to

1215 3015 1293 3057 vitate.
