<?xml version="1.0" encoding="UTF-8"?>
<!DOCTYPE html PUBLIC "-//W3C//DTD XHTML 1.0 Transitional//EN"
    "http://www.w3.org/TR/xhtml1/DTD/xhtml1-transitional.dtd">
<html xmlns="http://www.w3.org/1999/xhtml" xml:lang="en" lang="en">
 <head>
  <title>
</title>
<meta http-equiv="Content-Type" content="text/html;charset=utf-8" />
  <meta name='ocr-system' content='tesseract 3.04.00' />
  <meta name='ocr-capabilities' content='ocr_page ocr_carea ocr_par ocr_line ocrx_word'/>
</head>
<body>
  <div class='ocr_page' id='page_1' title='image "./johanniswyclift00mattgoog_0399.png"; bbox 0 0 3008 5026; ppageno 0'>
   <div class='ocr_carea' id='block_1_1' title="bbox 187 356 1390 452">
    <p class='ocr_par' dir='ltr' id='par_1_1' title="bbox 187 356 1390 452">
     <span class='ocr_line' id='line_1_1' title="bbox 187 356 1390 452; baseline -0.029 0"><span class='ocrx_word' id='word_1_1' title='bbox 187 393 250 452; x_wconf 79' lang='lat'>3³4</span> <span class='ocrx_word' id='word_1_2' title='bbox 728 384 897 436; x_wconf 60' lang='lat' dir='ltr'>tonsurus</span> <span class='ocrx_word' id='word_1_3' title='bbox 917 382 1057 433; x_wconf 74' lang='lat' dir='ltr'>wrcmr</span> <span class='ocrx_word' id='word_1_4' title='bbox 1237 356 1321 448; x_wconf 69' lang='lat' dir='ltr'>[err.</span> <span class='ocrx_word' id='word_1_5' title='bbox 1341 375 1390 420; x_wconf 82' lang='lat' dir='ltr'>nr.</span> 
     </span>
    </p>
   </div>
   <div class='ocr_carea' id='block_1_2' title="bbox 195 538 1478 731">
    <p class='ocr_par' dir='ltr' id='par_1_2' title="bbox 195 538 1478 731">
     <span class='ocr_line' id='line_1_2' title="bbox 195 538 1478 627; baseline 0.004 -26"><span class='ocrx_word' id='word_1_6' title='bbox 195 558 220 602; x_wconf 78' lang='grc' dir='ltr'>ιη</span> <span class='ocrx_word' id='word_1_7' title='bbox 237 558 380 619; x_wconf 66' lang='grc' dir='ltr'>ωιῑιιμιιςγ</span> <span class='ocrx_word' id='word_1_8' title='bbox 404 543 528 607; x_wconf 90' lang='lat' dir='ltr'>simum</span> <span class='ocrx_word' id='word_1_9' title='bbox 548 543 553 627; x_wconf 88' lang='grc' dir='ltr'>Ι</span> <span class='ocrx_word' id='word_1_10' title='bbox 572 543 673 626; x_wconf 89' lang='lat' dir='ltr'>ipsos</span> <span class='ocrx_word' id='word_1_11' title='bbox 704 542 740 605; x_wconf 92' lang='lat' dir='ltr'>in</span> <span class='ocrx_word' id='word_1_12' title='bbox 771 542 900 605; x_wconf 90' lang='lat' dir='ltr'>talibus</span> <span class='ocrx_word' id='word_1_13' title='bbox 932 538 1109 623; x_wconf 89' lang='lat' dir='ltr'>occupari,</span> <span class='ocrx_word' id='word_1_14' title='bbox 1141 549 1181 602; x_wconf 94' lang='lat' dir='ltr'>ut</span> <span class='ocrx_word' id='word_1_15' title='bbox 1212 545 1314 621; x_wconf 86' lang='lat' dir='ltr'>patet</span> <span class='ocrx_word' id='word_1_16' title='bbox 1347 538 1392 601; x_wconf 90' lang='lat' dir='ltr'>de</span> <span class='ocrx_word' id='word_1_17' title='bbox 1424 553 1478 619; x_wconf 74' lang='lat'>²44⁸</span> 
     </span>
     <span class='ocr_line' id='line_1_3' title="bbox 209 610 1392 731; baseline -0.005 -19"><span class='ocrx_word' id='word_1_18' title='bbox 209 610 374 707; x_wconf 51' lang='lat' dir='ltr'>fgfffiefiief‘</span> <span class='ocrx_word' id='word_1_19' title='bbox 404 647 544 713; x_wconf 87' lang='lat' dir='ltr'>Christo</span> <span class='ocrx_word' id='word_1_20' title='bbox 582 647 642 731; x_wconf 92' lang='lat' dir='ltr'>qui</span> <span class='ocrx_word' id='word_1_21' title='bbox 679 645 832 711; x_wconf 88' lang='lat' dir='ltr'>nescivit</span> <span class='ocrx_word' id='word_1_22' title='bbox 862 645 982 710; x_wconf 92' lang='lat' dir='ltr'>taliter</span> <span class='ocrx_word' id='word_1_23' title='bbox 1011 645 1141 724; x_wconf 87' lang='lat' dir='ltr'>facere,</span> <span class='ocrx_word' id='word_1_24' title='bbox 1189 663 1268 707; x_wconf 90' lang='lat' dir='ltr'>curn</span> <span class='ocrx_word' id='word_1_25' title='bbox 1306 652 1392 707; x_wconf 90' lang='lat' dir='ltr'>tunc</span> 
     </span>
    </p>
   </div>
   <div class='ocr_carea' id='block_1_3' title="bbox 219 715 1434 4169">
    <p class='ocr_par' dir='ltr' id='par_1_3' title="bbox 219 715 1434 4169">
     <span class='ocr_line' id='line_1_4' title="bbox 219 715 1392 836; baseline -0.005 -20"><span class='ocrx_word' id='word_1_26' title='bbox 219 715 292 758; x_wconf 56' lang='grc' dir='ltr'>Μ</span> <span class='ocrx_word' id='word_1_27' title='bbox 306 726 359 759; x_wconf 53' lang='grc' dir='ltr'>Μ’</span> <span class='ocrx_word' id='word_1_28' title='bbox 403 753 511 817; x_wconf 87' lang='lat' dir='ltr'>sciret</span> <span class='ocrx_word' id='word_1_29' title='bbox 525 754 722 836; x_wconf 84' lang='lat' dir='ltr'>degradare</span> <span class='ocrx_word' id='word_1_30' title='bbox 745 771 785 815; x_wconf 91' lang='lat' dir='ltr'>se</span> <span class='ocrx_word' id='word_1_31' title='bbox 807 750 923 833; x_wconf 91' lang='lat' dir='ltr'>ipsum</span> <span class='ocrx_word' id='word_1_32' title='bbox 947 750 993 812; x_wconf 89' lang='lat' dir='ltr'>ad</span> <span class='ocrx_word' id='word_1_33' title='bbox 1015 759 1146 813; x_wconf 89' lang='lat' dir='ltr'>statum</span> <span class='ocrx_word' id='word_1_34' title='bbox 1171 756 1208 812; x_wconf 89' lang='lat' dir='ltr'>et</span> <span class='ocrx_word' id='word_1_35' title='bbox 1230 746 1392 811; x_wconf 85' lang='lat' dir='ltr'>ordinem</span> 
     </span>
     <span class='ocr_line' id='line_1_5' title="bbox 402 851 1392 940; baseline -0.006 -20"><span class='ocrx_word' id='word_1_36' title='bbox 402 858 583 940; x_wconf 79' lang='lat' dir='ltr'>laycalem,</span> <span class='ocrx_word' id='word_1_37' title='bbox 616 865 653 919; x_wconf 88' lang='lat' dir='ltr'>et</span> <span class='ocrx_word' id='word_1_38' title='bbox 683 876 749 939; x_wconf 91' lang='lat' dir='ltr'>per</span> <span class='ocrx_word' id='word_1_39' title='bbox 772 873 998 937; x_wconf 89' lang='lat' dir='ltr'>consequens</span> <span class='ocrx_word' id='word_1_40' title='bbox 1022 853 1129 918; x_wconf 89' lang='lat' dir='ltr'>sciret</span> <span class='ocrx_word' id='word_1_41' title='bbox 1150 853 1242 915; x_wconf 91' lang='lat' dir='ltr'>male</span> <span class='ocrx_word' id='word_1_42' title='bbox 1269 851 1392 915; x_wconf 87' lang='lat' dir='ltr'>facere</span> 
     </span>
     <span class='ocr_line' id='line_1_6' title="bbox 403 955 1417 1043; baseline -0.001 -20"><span class='ocrx_word' id='word_1_43' title='bbox 403 968 440 1024; x_wconf 85' lang='lat' dir='ltr'>et</span> <span class='ocrx_word' id='word_1_44' title='bbox 462 980 622 1043; x_wconf 88' lang='lat' dir='ltr'>peccare.</span> <span class='ocrx_word' id='word_1_45' title='bbox 658 958 856 1022; x_wconf 91' lang='lat' dir='ltr'>Prudencia</span> <span class='ocrx_word' id='word_1_46' title='bbox 877 957 997 1040; x_wconf 90' lang='lat' dir='ltr'>itaque</span> <span class='ocrx_word' id='word_1_47' title='bbox 1027 957 1112 1021; x_wconf 90' lang='lat' dir='ltr'>cleri</span> <span class='ocrx_word' id='word_1_48' title='bbox 1134 965 1204 1020; x_wconf 90' lang='lat' dir='ltr'>stat</span> <span class='ocrx_word' id='word_1_49' title='bbox 1226 955 1262 1019; x_wconf 91' lang='lat' dir='ltr'>in</span> <span class='ocrx_word' id='word_1_50' title='bbox 1286 956 1417 1022; x_wconf 77' lang='lat' dir='ltr'>decli-5</span> 
     </span>
     <span class='ocr_line' id='line_1_7' title="bbox 401 1062 1391 1147; baseline -0.007 -18"><span class='ocrx_word' id='word_1_51' title='bbox 401 1065 550 1129; x_wconf 90' lang='lat' dir='ltr'>nacione</span> <span class='ocrx_word' id='word_1_52' title='bbox 570 1065 651 1130; x_wconf 90' lang='lat' dir='ltr'>talis</span> <span class='ocrx_word' id='word_1_53' title='bbox 667 1064 786 1147; x_wconf 90' lang='lat' dir='ltr'>operis</span> <span class='ocrx_word' id='word_1_54' title='bbox 800 1063 1012 1146; x_wconf 77' lang='lat' dir='ltr'>imperfecti,</span> <span class='ocrx_word' id='word_1_55' title='bbox 1036 1063 1127 1127; x_wconf 91' lang='lat' dir='ltr'>sicut</span> <span class='ocrx_word' id='word_1_56' title='bbox 1149 1063 1244 1126; x_wconf 92' lang='lat' dir='ltr'>foret</span> <span class='ocrx_word' id='word_1_57' title='bbox 1258 1062 1391 1124; x_wconf 89' lang='lat' dir='ltr'>bonurn</span> 
     </span>
     <span class='ocr_line' id='line_1_8' title="bbox 402 1164 1392 1253; baseline -0.006 -20"><span class='ocrx_word' id='word_1_58' title='bbox 402 1170 438 1232; x_wconf 90' lang='lat' dir='ltr'>in</span> <span class='ocrx_word' id='word_1_59' title='bbox 459 1169 571 1253; x_wconf 84' lang='lat' dir='ltr'>laycis</span> <span class='ocrx_word' id='word_1_60' title='bbox 594 1188 684 1251; x_wconf 90' lang='lat' dir='ltr'>pure</span> <span class='ocrx_word' id='word_1_61' title='bbox 706 1166 973 1231; x_wconf 89' lang='lat' dir='ltr'>intendentibus</span> <span class='ocrx_word' id='word_1_62' title='bbox 997 1167 1096 1229; x_wconf 90' lang='lat' dir='ltr'>scole</span> <span class='ocrx_word' id='word_1_63' title='bbox 1121 1164 1259 1229; x_wconf 89' lang='lat' dir='ltr'>Christi.</span> <span class='ocrx_word' id='word_1_64' title='bbox 1283 1164 1392 1230; x_wconf 90' lang='lat' dir='ltr'>Nota·</span> 
     </span>
     <span class='ocr_line' id='line_1_9' title="bbox 401 1269 1392 1355; baseline -0.006 -18"><span class='ocrx_word' id='word_1_65' title='bbox 401 1294 519 1337; x_wconf 90' lang='lat' dir='ltr'>remus</span> <span class='ocrx_word' id='word_1_66' title='bbox 551 1273 671 1355; x_wconf 88' lang='lat' dir='ltr'>itaque</span> <span class='ocrx_word' id='word_1_67' title='bbox 708 1271 803 1353; x_wconf 90' lang='lat' dir='ltr'>quod</span> <span class='ocrx_word' id='word_1_68' title='bbox 835 1271 1024 1334; x_wconf 91' lang='lat' dir='ltr'>duodecim</span> <span class='ocrx_word' id='word_1_69' title='bbox 1056 1269 1250 1353; x_wconf 77' lang='lat' dir='ltr'>episcopiS,</span> <span class='ocrx_word' id='word_1_70' title='bbox 1299 1287 1392 1351; x_wconf 92' lang='lat' dir='ltr'>quos</span> 
     </span>
     <span class='ocr_line' id='line_1_10' title="bbox 403 1373 1391 1450; baseline -0.007 -8"><span class='ocrx_word' id='word_1_71' title='bbox 403 1377 562 1442; x_wconf 88' lang='lat' dir='ltr'>Christus</span> <span class='ocrx_word' id='word_1_72' title='bbox 593 1376 629 1438; x_wconf 93' lang='lat' dir='ltr'>in</span> <span class='ocrx_word' id='word_1_73' title='bbox 661 1376 759 1438; x_wconf 88' lang='lat' dir='ltr'>scola</span> <span class='ocrx_word' id='word_1_74' title='bbox 791 1393 853 1437; x_wconf 88' lang='lat' dir='ltr'>sua</span> <span class='ocrx_word' id='word_1_75' title='bbox 875 1375 1080 1450; x_wconf 87' lang='lat' dir='ltr'>nutriverat,</span> <span class='ocrx_word' id='word_1_76' title='bbox 1104 1376 1202 1438; x_wconf 90' lang='lat' dir='ltr'>solus</span> <span class='ocrx_word' id='word_1_77' title='bbox 1226 1373 1391 1439; x_wconf 88' lang='lat' dir='ltr'>Scarioth</span> 
     </span>
     <span class='ocr_line' id='line_1_11' title="bbox 402 1477 1434 1564; baseline -0.005 -19"><span class='ocrx_word' id='word_1_78' title='bbox 402 1502 441 1546; x_wconf 87' lang='lat' dir='ltr'>se</span> <span class='ocrx_word' id='word_1_79' title='bbox 471 1481 588 1564; x_wconf 91' lang='lat' dir='ltr'>ipsum</span> <span class='ocrx_word' id='word_1_80' title='bbox 618 1479 766 1543; x_wconf 89' lang='lat' dir='ltr'>amando</span> <span class='ocrx_word' id='word_1_81' title='bbox 796 1489 879 1561; x_wconf 91' lang='lat' dir='ltr'>post</span> <span class='ocrx_word' id='word_1_82' title='bbox 909 1480 1148 1561; x_wconf 87' lang='lat' dir='ltr'>apostolatum</span> <span class='ocrx_word' id='word_1_83' title='bbox 1179 1477 1391 1561; x_wconf 88' lang='lat' dir='ltr'>proprietati</span> <span class='ocrx_word' id='word_1_84' title='bbox 1406 1508 1434 1541; x_wconf 79' lang='grc' dir='ltr'>ιο</span> 
     </span>
     <span class='ocr_line' id='line_1_12' title="bbox 401 1582 1391 1666; baseline -0.005 -17"><span class='ocrx_word' id='word_1_85' title='bbox 401 1587 611 1662; x_wconf 84' lang='lat' dir='ltr'>intenderat,</span> <span class='ocrx_word' id='word_1_86' title='bbox 644 1603 723 1647; x_wconf 90' lang='lat' dir='ltr'>nam</span> <span class='ocrx_word' id='word_1_87' title='bbox 749 1584 830 1647; x_wconf 67' lang='lat' dir='ltr'>Act,</span> <span class='ocrx_word' id='word_1_88' title='bbox 862 1583 976 1666; x_wconf 91' lang='lat' dir='ltr'>primo</span> <span class='ocrx_word' id='word_1_89' title='bbox 1005 1588 1041 1646; x_wconf 88' lang='lat'>18</span> <span class='ocrx_word' id='word_1_90' title='bbox 1070 1582 1156 1647; x_wconf 90' lang='lat' dir='ltr'>dicit</span> <span class='ocrx_word' id='word_1_91' title='bbox 1182 1583 1312 1646; x_wconf 91' lang='lat' dir='ltr'>Petrus</span> <span class='ocrx_word' id='word_1_92' title='bbox 1346 1583 1391 1644; x_wconf 91' lang='lat' dir='ltr'>de</span> 
     </span>
     <span class='ocr_line' id='line_1_13' title="bbox 402 1689 1389 1769; baseline -0.006 -14"><span class='ocrx_word' id='word_1_93' title='bbox 402 1689 580 1755; x_wconf 89' lang='lat' dir='ltr'>Scarioth:</span> <span class='ocrx_word' id='word_1_94' title='bbox 604 1690 658 1752; x_wconf 77' lang='lat' dir='ltr'>hic</span> <span class='ocrx_word' id='word_1_95' title='bbox 677 1689 829 1769; x_wconf 80' lang='lat' dir='ltr'>possedit</span> <span class='ocrx_word' id='word_1_96' title='bbox 851 1701 979 1769; x_wconf 82' lang='lat' dir='ltr'>agrum</span> <span class='ocrx_word' id='word_1_97' title='bbox 1008 1689 1050 1752; x_wconf 81' lang='lat' dir='ltr'>de</span> <span class='ocrx_word' id='word_1_98' title='bbox 1080 1689 1233 1752; x_wconf 80' lang='lat' dir='ltr'>mercede</span> <span class='ocrx_word' id='word_1_99' title='bbox 1263 1689 1389 1768; x_wconf 81' lang='lat' dir='ltr'>iniqui-</span> 
     </span>
     <span class='ocr_line' id='line_1_14' title="bbox 402 1791 1391 1875; baseline -0.003 -19"><span class='ocrx_word' id='word_1_100' title='bbox 402 1796 490 1858; x_wconf 75' lang='lat' dir='ltr'>latis.</span> <span class='ocrx_word' id='word_1_101' title='bbox 535 1792 613 1856; x_wconf 90' lang='lat' dir='ltr'>Nec</span> <span class='ocrx_word' id='word_1_102' title='bbox 644 1793 732 1875; x_wconf 90' lang='lat' dir='ltr'>phas</span> <span class='ocrx_word' id='word_1_103' title='bbox 775 1800 830 1856; x_wconf 88' lang='lat' dir='ltr'>est</span> <span class='ocrx_word' id='word_1_104' title='bbox 874 1792 1020 1855; x_wconf 87' lang='lat' dir='ltr'>credere</span> <span class='ocrx_word' id='word_1_105' title='bbox 1058 1793 1156 1874; x_wconf 92' lang='lat' dir='ltr'>quod</span> <span class='ocrx_word' id='word_1_106' title='bbox 1192 1791 1323 1855; x_wconf 90' lang='lat' dir='ltr'>Petrus</span> <span class='ocrx_word' id='word_1_107' title='bbox 1355 1791 1391 1853; x_wconf 90' lang='lat' dir='ltr'>in</span> 
     </span>
     <span class='ocr_line' id='line_1_15' title="bbox 401 1894 1392 1979; baseline -0.004 -18"><span class='ocrx_word' id='word_1_108' title='bbox 401 1899 471 1961; x_wconf 94' lang='lat' dir='ltr'>hoc</span> <span class='ocrx_word' id='word_1_109' title='bbox 493 1897 661 1961; x_wconf 86' lang='lat' dir='ltr'>mentitus</span> <span class='ocrx_word' id='word_1_110' title='bbox 682 1906 747 1972; x_wconf 92' lang='lat' dir='ltr'>est,</span> <span class='ocrx_word' id='word_1_111' title='bbox 780 1915 848 1958; x_wconf 89' lang='lat' dir='ltr'>nec</span> <span class='ocrx_word' id='word_1_112' title='bbox 872 1895 1094 1979; x_wconf 89' lang='lat' dir='ltr'>evangelium</span> <span class='ocrx_word' id='word_1_113' title='bbox 1116 1896 1240 1961; x_wconf 87' lang='lat' dir='ltr'>Matth.</span> <span class='ocrx_word' id='word_1_114' title='bbox 1256 1894 1392 1958; x_wconf 90' lang='lat' dir='ltr'>XXVI</span> 
     </span>
     <span class='ocr_line' id='line_1_16' title="bbox 402 1998 1432 2083; baseline -0.002 -19"><span class='ocrx_word' id='word_1_115' title='bbox 402 2001 611 2065; x_wconf 87' lang='lat' dir='ltr'>contradicit</span> <span class='ocrx_word' id='word_1_116' title='bbox 625 2001 684 2064; x_wconf 85' lang='lat' dir='ltr'>isti</span> <span class='ocrx_word' id='word_1_117' title='bbox 699 2000 890 2078; x_wconf 89' lang='lat' dir='ltr'>sentencie,</span> <span class='ocrx_word' id='word_1_118' title='bbox 914 2000 996 2083; x_wconf 85' lang='lat' dir='ltr'>quia</span> <span class='ocrx_word' id='word_1_119' title='bbox 1012 2020 1091 2064; x_wconf 91' lang='lat' dir='ltr'>cum</span> <span class='ocrx_word' id='word_1_120' title='bbox 1108 1998 1273 2064; x_wconf 91' lang='lat' dir='ltr'>Scarioth</span> <span class='ocrx_word' id='word_1_121' title='bbox 1287 1999 1388 2083; x_wconf 92' lang='lat' dir='ltr'>prius</span> <span class='ocrx_word' id='word_1_122' title='bbox 1406 2013 1432 2062; x_wconf 74' lang='lat'>15</span> 
     </span>
     <span class='ocr_line' id='line_1_17' title="bbox 401 2103 1389 2188; baseline 0.001 -20"><span class='ocrx_word' id='word_1_123' title='bbox 401 2125 469 2188; x_wconf 90' lang='lat' dir='ltr'>pro</span> <span class='ocrx_word' id='word_1_124' title='bbox 486 2105 631 2187; x_wconf 87' lang='lat' dir='ltr'>triginta</span> <span class='ocrx_word' id='word_1_125' title='bbox 648 2105 827 2187; x_wconf 83' lang='lat' dir='ltr'>argenteis</span> <span class='ocrx_word' id='word_1_126' title='bbox 843 2104 1006 2168; x_wconf 87' lang='lat' dir='ltr'>vendidit</span> <span class='ocrx_word' id='word_1_127' title='bbox 1024 2104 1252 2188; x_wconf 88' lang='lat' dir='ltr'>pontificibus</span> <span class='ocrx_word' id='word_1_128' title='bbox 1269 2103 1389 2169; x_wconf 87' lang='lat' dir='ltr'>Salva-</span> 
     </span>
     <span class='ocr_line' id='line_1_18' title="bbox 401 2209 1390 2292; baseline -0.001 -19"><span class='ocrx_word' id='word_1_129' title='bbox 401 2219 526 2287; x_wconf 90' lang='lat' dir='ltr'>torem,</span> <span class='ocrx_word' id='word_1_130' title='bbox 550 2218 814 2273; x_wconf 88' lang='lat' dir='ltr'>assecuraturus</span> <span class='ocrx_word' id='word_1_131' title='bbox 830 2210 876 2272; x_wconf 85' lang='lat' dir='ltr'>de</span> <span class='ocrx_word' id='word_1_132' title='bbox 893 2209 1016 2292; x_wconf 90' lang='lat' dir='ltr'>precio</span> <span class='ocrx_word' id='word_1_133' title='bbox 1040 2219 1077 2273; x_wconf 90' lang='lat' dir='ltr'>et</span> <span class='ocrx_word' id='word_1_134' title='bbox 1093 2210 1242 2273; x_wconf 89' lang='lat' dir='ltr'>credens</span> <span class='ocrx_word' id='word_1_135' title='bbox 1266 2210 1390 2273; x_wconf 88' lang='lat' dir='ltr'>verbis</span> 
     </span>
     <span class='ocr_line' id='line_1_19' title="bbox 400 2313 1391 2398; baseline 0.001 -21"><span class='ocrx_word' id='word_1_136' title='bbox 400 2314 570 2398; x_wconf 85' lang='lat' dir='ltr'>magistri,</span> <span class='ocrx_word' id='word_1_137' title='bbox 593 2315 689 2396; x_wconf 93' lang='lat' dir='ltr'>quod</span> <span class='ocrx_word' id='word_1_138' title='bbox 713 2313 778 2378; x_wconf 91' lang='lat' dir='ltr'>fuit</span> <span class='ocrx_word' id='word_1_139' title='bbox 800 2314 835 2377; x_wconf 91' lang='lat' dir='ltr'>in</span> <span class='ocrx_word' id='word_1_140' title='bbox 858 2315 1023 2397; x_wconf 86' lang='lat' dir='ltr'>proximo</span> <span class='ocrx_word' id='word_1_141' title='bbox 1046 2314 1246 2386; x_wconf 90' lang='lat' dir='ltr'>moriturus,</span> <span class='ocrx_word' id='word_1_142' title='bbox 1270 2314 1391 2396; x_wconf 90' lang='lat' dir='ltr'>potuit</span> 
     </span>
     <span class='ocr_line' id='line_1_20' title="bbox 401 2417 1391 2502; baseline 0.001 -21"><span class='ocrx_word' id='word_1_143' title='bbox 401 2418 593 2502; x_wconf 89' lang='lat' dir='ltr'>providere</span> <span class='ocrx_word' id='word_1_144' title='bbox 627 2417 696 2480; x_wconf 91' lang='lat' dir='ltr'>sibi</span> <span class='ocrx_word' id='word_1_145' title='bbox 728 2419 773 2480; x_wconf 89' lang='lat' dir='ltr'>de</span> <span class='ocrx_word' id='word_1_146' title='bbox 805 2419 946 2482; x_wconf 90' lang='lat' dir='ltr'>redditu</span> <span class='ocrx_word' id='word_1_147' title='bbox 972 2438 1089 2502; x_wconf 90' lang='lat' dir='ltr'>prope</span> <span class='ocrx_word' id='word_1_148' title='bbox 1110 2419 1317 2498; x_wconf 87' lang='lat' dir='ltr'>Jerusalem,</span> <span class='ocrx_word' id='word_1_149' title='bbox 1351 2426 1391 2482; x_wconf 91' lang='lat' dir='ltr'>ut</span> 
     </span>
     <span class='ocr_line' id='line_1_21' title="bbox 401 2522 1432 2605; baseline -0.002 -21"><span class='ocrx_word' id='word_1_150' title='bbox 401 2522 589 2586; x_wconf 86' lang='lat' dir='ltr'>frustratus</span> <span class='ocrx_word' id='word_1_151' title='bbox 628 2542 647 2584; x_wconf 87' lang='lat' dir='ltr'>a</span> <span class='ocrx_word' id='word_1_152' title='bbox 683 2522 782 2585; x_wconf 88' lang='lat' dir='ltr'>lucro</span> <span class='ocrx_word' id='word_1_153' title='bbox 816 2525 913 2605; x_wconf 90' lang='lat' dir='ltr'>quod</span> <span class='ocrx_word' id='word_1_154' title='bbox 946 2523 1135 2586; x_wconf 86' lang='lat' dir='ltr'>videbatur</span> <span class='ocrx_word' id='word_1_155' title='bbox 1171 2524 1307 2585; x_wconf 88' lang='lat' dir='ltr'>habere</span> <span class='ocrx_word' id='word_1_156' title='bbox 1343 2543 1432 2585; x_wconf 82' lang='lat' dir='ltr'>ex20</span> 
     </span>
     <span class='ocr_line' id='line_1_22' title="bbox 400 2625 1390 2709; baseline 0.001 -20"><span class='ocrx_word' id='word_1_157' title='bbox 400 2625 497 2690; x_wconf 93' lang='lat' dir='ltr'>furto</span> <span class='ocrx_word' id='word_1_158' title='bbox 522 2626 714 2689; x_wconf 91' lang='lat' dir='ltr'>communis</span> <span class='ocrx_word' id='word_1_159' title='bbox 741 2626 904 2709; x_wconf 88' lang='lat' dir='ltr'>pecunie,</span> <span class='ocrx_word' id='word_1_160' title='bbox 941 2626 1130 2708; x_wconf 91' lang='lat' dir='ltr'>provideat</span> <span class='ocrx_word' id='word_1_161' title='bbox 1153 2625 1221 2690; x_wconf 91' lang='lat' dir='ltr'>sibi</span> <span class='ocrx_word' id='word_1_162' title='bbox 1245 2635 1281 2689; x_wconf 92' lang='lat' dir='ltr'>et</span> <span class='ocrx_word' id='word_1_163' title='bbox 1314 2626 1390 2690; x_wconf 91' lang='lat' dir='ltr'>suis</span> 
     </span>
     <span class='ocr_line' id='line_1_23' title="bbox 401 2729 1389 2814; baseline 0.001 -21"><span class='ocrx_word' id='word_1_164' title='bbox 401 2730 621 2813; x_wconf 87' lang='lat' dir='ltr'>possidendo</span> <span class='ocrx_word' id='word_1_165' title='bbox 668 2729 753 2793; x_wconf 90' lang='lat' dir='ltr'>illud</span> <span class='ocrx_word' id='word_1_166' title='bbox 798 2730 1050 2814; x_wconf 86' lang='lat' dir='ltr'>proprietarie;</span> <span class='ocrx_word' id='word_1_167' title='bbox 1096 2750 1164 2794; x_wconf 90' lang='lat' dir='ltr'>nec</span> <span class='ocrx_word' id='word_1_168' title='bbox 1205 2740 1389 2814; x_wconf 83' lang='lat' dir='ltr'>repugnat</span> 
     </span>
     <span class='ocr_line' id='line_1_24' title="bbox 402 2834 1389 2918; baseline 0.003 -22"><span class='ocrx_word' id='word_1_169' title='bbox 402 2835 500 2917; x_wconf 92' lang='lat' dir='ltr'>quod</span> <span class='ocrx_word' id='word_1_170' title='bbox 527 2834 667 2917; x_wconf 90' lang='lat' dir='ltr'>accepit</span> <span class='ocrx_word' id='word_1_171' title='bbox 693 2834 962 2916; x_wconf 90' lang='lat' dir='ltr'>possessionem</span> <span class='ocrx_word' id='word_1_172' title='bbox 989 2835 1229 2918; x_wconf 85' lang='lat' dir='ltr'>nuncupative</span> <span class='ocrx_word' id='word_1_173' title='bbox 1258 2835 1389 2899; x_wconf 87' lang='lat' dir='ltr'>dictam</span> 
     </span>
     <span class='ocr_line' id='line_1_25' title="bbox 403 2937 1388 3024; baseline 0.004 -24"><span class='ocrx_word' id='word_1_174' title='bbox 403 2938 461 3000; x_wconf 89' lang='lat' dir='ltr'>vel</span> <span class='ocrx_word' id='word_1_175' title='bbox 485 2937 656 3002; x_wconf 91' lang='lat' dir='ltr'>sessinam</span> <span class='ocrx_word' id='word_1_176' title='bbox 688 2937 723 3000; x_wconf 91' lang='lat' dir='ltr'>in</span> <span class='ocrx_word' id='word_1_177' title='bbox 746 2938 884 3021; x_wconf 90' lang='lat' dir='ltr'>predio,</span> <span class='ocrx_word' id='word_1_178' title='bbox 917 2949 955 3003; x_wconf 86' lang='lat' dir='ltr'>et</span> <span class='ocrx_word' id='word_1_179' title='bbox 977 2949 1063 3022; x_wconf 91' lang='lat' dir='ltr'>post</span> <span class='ocrx_word' id='word_1_180' title='bbox 1084 2941 1302 3023; x_wconf 89' lang='lat' dir='ltr'>reportando</span> <span class='ocrx_word' id='word_1_181' title='bbox 1327 2961 1388 3024; x_wconf 91' lang='lat' dir='ltr'>pe-</span> 
     </span>
     <span class='ocr_line' id='line_1_26' title="bbox 402 3040 1431 3127; baseline 0.001 -24"><span class='ocrx_word' id='word_1_182' title='bbox 402 3040 537 3104; x_wconf 88' lang='lat' dir='ltr'>cuniam</span> <span class='ocrx_word' id='word_1_183' title='bbox 575 3041 723 3104; x_wconf 89' lang='lat' dir='ltr'>dandam</span> <span class='ocrx_word' id='word_1_184' title='bbox 760 3063 827 3125; x_wconf 91' lang='lat' dir='ltr'>pro</span> <span class='ocrx_word' id='word_1_185' title='bbox 867 3062 964 3125; x_wconf 89' lang='lat' dir='ltr'>agro,</span> <span class='ocrx_word' id='word_1_186' title='bbox 1002 3042 1148 3106; x_wconf 89' lang='lat' dir='ltr'>audiens</span> <span class='ocrx_word' id='word_1_187' title='bbox 1179 3044 1388 3127; x_wconf 86' lang='lat' dir='ltr'>magistrum</span> <span class='ocrx_word' id='word_1_188' title='bbox 1401 3056 1431 3105; x_wconf 81' lang='lat'>25</span> 
     </span>
     <span class='ocr_line' id='line_1_27' title="bbox 401 3144 1388 3230; baseline 0.004 -22"><span class='ocrx_word' id='word_1_189' title='bbox 401 3147 703 3228; x_wconf 88' lang='lat' dir='ltr'>condempnatum,</span> <span class='ocrx_word' id='word_1_190' title='bbox 717 3144 938 3211; x_wconf 89' lang='lat' dir='ltr'>infructuose</span> <span class='ocrx_word' id='word_1_191' title='bbox 953 3147 1119 3230; x_wconf 89' lang='lat' dir='ltr'>penitens</span> <span class='ocrx_word' id='word_1_192' title='bbox 1134 3168 1173 3211; x_wconf 91' lang='lat' dir='ltr'>se</span> <span class='ocrx_word' id='word_1_193' title='bbox 1189 3149 1388 3230; x_wconf 89' lang='lat' dir='ltr'>suspendit.</span> 
     </span>
     <span class='ocr_line' id='line_1_28' title="bbox 399 3249 1389 3329; baseline 0.005 -17"><span class='ocrx_word' id='word_1_194' title='bbox 399 3249 508 3329; x_wconf 89' lang='lat' dir='ltr'>Judas</span> <span class='ocrx_word' id='word_1_195' title='bbox 533 3249 624 3312; x_wconf 91' lang='lat' dir='ltr'>enim</span> <span class='ocrx_word' id='word_1_196' title='bbox 647 3271 719 3314; x_wconf 90' lang='lat' dir='ltr'>non</span> <span class='ocrx_word' id='word_1_197' title='bbox 742 3251 882 3328; x_wconf 88' lang='lat' dir='ltr'>dormit,</span> <span class='ocrx_word' id='word_1_198' title='bbox 906 3253 971 3315; x_wconf 90' lang='lat' dir='ltr'>sed</span> <span class='ocrx_word' id='word_1_199' title='bbox 993 3251 1078 3315; x_wconf 89' lang='lat' dir='ltr'>facit</span> <span class='ocrx_word' id='word_1_200' title='bbox 1097 3252 1270 3316; x_wconf 90' lang='lat' dir='ltr'>velociter</span> <span class='ocrx_word' id='word_1_201' title='bbox 1293 3253 1389 3317; x_wconf 84' lang='lat' dir='ltr'>facta</span> 
     </span>
     <span class='ocr_line' id='line_1_29' title="bbox 400 3355 1387 3437; baseline 0.003 -20"><span class='ocrx_word' id='word_1_202' title='bbox 400 3372 472 3433; x_wconf 88' lang='lat' dir='ltr'>sua,</span> <span class='ocrx_word' id='word_1_203' title='bbox 506 3363 542 3417; x_wconf 89' lang='lat' dir='ltr'>et</span> <span class='ocrx_word' id='word_1_204' title='bbox 574 3355 785 3419; x_wconf 88' lang='lat' dir='ltr'>consonabit</span> <span class='ocrx_word' id='word_1_205' title='bbox 807 3356 905 3437; x_wconf 92' lang='lat' dir='ltr'>quod</span> <span class='ocrx_word' id='word_1_206' title='bbox 936 3355 1022 3419; x_wconf 91' lang='lat' dir='ltr'>illud</span> <span class='ocrx_word' id='word_1_207' title='bbox 1045 3356 1269 3421; x_wconf 86' lang='lat' dir='ltr'>maledictum</span> <span class='ocrx_word' id='word_1_208' title='bbox 1293 3377 1387 3420; x_wconf 88' lang='lat' dir='ltr'>eom-</span> 
     </span>
     <span class='ocr_line' id='line_1_30' title="bbox 400 3457 1386 3544; baseline 0.007 -24"><span class='ocrx_word' id='word_1_209' title='bbox 400 3457 567 3521; x_wconf 90' lang='lat' dir='ltr'>mercium</span> <span class='ocrx_word' id='word_1_210' title='bbox 594 3459 688 3522; x_wconf 89' lang='lat' dir='ltr'>foret</span> <span class='ocrx_word' id='word_1_211' title='bbox 715 3459 870 3541; x_wconf 88' lang='lat' dir='ltr'>undique</span> <span class='ocrx_word' id='word_1_212' title='bbox 899 3460 1092 3524; x_wconf 89' lang='lat' dir='ltr'>mendaciis</span> <span class='ocrx_word' id='word_1_213' title='bbox 1120 3469 1386 3544; x_wconf 88' lang='lat' dir='ltr'>pertractatum.</span> 
     </span>
     <span class='ocr_line' id='line_1_31' title="bbox 400 3560 1431 3648; baseline 0 -22"><span class='ocrx_word' id='word_1_214' title='bbox 400 3560 459 3626; x_wconf 91' lang='lat' dir='ltr'>Sic</span> <span class='ocrx_word' id='word_1_215' title='bbox 491 3562 599 3644; x_wconf 88' lang='lat' dir='ltr'>igitur</span> <span class='ocrx_word' id='word_1_216' title='bbox 631 3564 826 3626; x_wconf 89' lang='lat' dir='ltr'>secundum</span> <span class='ocrx_word' id='word_1_217' title='bbox 858 3564 1027 3646; x_wconf 88' lang='lat' dir='ltr'>regulam,</span> <span class='ocrx_word' id='word_1_218' title='bbox 1060 3585 1129 3646; x_wconf 90' lang='lat' dir='ltr'>qua</span> <span class='ocrx_word' id='word_1_219' title='bbox 1156 3565 1386 3648; x_wconf 87' lang='lat' dir='ltr'>Augustinus</span> <span class='ocrx_word' id='word_1_220' title='bbox 1399 3578 1431 3628; x_wconf 84' lang='lat'>30</span> 
     </span>
     <span class='ocr_line' id='line_1_32' title="bbox 400 3666 1385 3749; baseline 0.003 -20"><span class='ocrx_word' id='word_1_221' title='bbox 400 3666 592 3729; x_wconf 91' lang='lat' dir='ltr'>concordat</span> <span class='ocrx_word' id='word_1_222' title='bbox 613 3666 808 3749; x_wconf 87' lang='lat' dir='ltr'>evangelia,</span> <span class='ocrx_word' id='word_1_223' title='bbox 830 3667 928 3730; x_wconf 90' lang='lat' dir='ltr'>credi</span> <span class='ocrx_word' id='word_1_224' title='bbox 949 3668 1059 3732; x_wconf 88' lang='lat' dir='ltr'>debet</span> <span class='ocrx_word' id='word_1_225' title='bbox 1079 3678 1149 3732; x_wconf 86' lang='lat' dir='ltr'>tam</span> <span class='ocrx_word' id='word_1_226' title='bbox 1165 3667 1264 3732; x_wconf 86' lang='lat' dir='ltr'>Petri</span> <span class='ocrx_word' id='word_1_227' title='bbox 1281 3688 1385 3732; x_wconf 86' lang='lat' dir='ltr'>evan·</span> 
     </span>
     <span class='ocr_line' id='line_1_33' title="bbox 399 3769 1386 3855; baseline 0.005 -24"><span class='ocrx_word' id='word_1_228' title='bbox 399 3769 497 3853; x_wconf 91' lang='lat' dir='ltr'>gelio</span> <span class='ocrx_word' id='word_1_229' title='bbox 529 3790 632 3852; x_wconf 87' lang='lat' dir='ltr'>quam</span> <span class='ocrx_word' id='word_1_230' title='bbox 664 3769 828 3845; x_wconf 87' lang='lat' dir='ltr'>Matthei;</span> <span class='ocrx_word' id='word_1_231' title='bbox 860 3791 927 3834; x_wconf 91' lang='lat' dir='ltr'>nec</span> <span class='ocrx_word' id='word_1_232' title='bbox 960 3779 1057 3835; x_wconf 88' lang='lat' dir='ltr'>caret</span> <span class='ocrx_word' id='word_1_233' title='bbox 1093 3772 1252 3836; x_wconf 89' lang='lat' dir='ltr'>misterio</span> <span class='ocrx_word' id='word_1_234' title='bbox 1287 3775 1386 3855; x_wconf 92' lang='lat' dir='ltr'>quod</span> 
     </span>
     <span class='ocr_line' id='line_1_34' title="bbox 400 3872 1388 3958; baseline 0.005 -22"><span class='ocrx_word' id='word_1_235' title='bbox 400 3873 521 3936; x_wconf 88' lang='lat' dir='ltr'>Yudas</span> <span class='ocrx_word' id='word_1_236' title='bbox 553 3872 720 3957; x_wconf 83' lang='lat' dir='ltr'>pontifex</span> <span class='ocrx_word' id='word_1_237' title='bbox 759 3874 851 3958; x_wconf 82' lang='lat' dir='ltr'>legis</span> <span class='ocrx_word' id='word_1_238' title='bbox 887 3895 982 3939; x_wconf 89' lang='lat' dir='ltr'>nove</span> <span class='ocrx_word' id='word_1_239' title='bbox 1015 3875 1066 3940; x_wconf 89' lang='lat' dir='ltr'>sic</span> <span class='ocrx_word' id='word_1_240' title='bbox 1103 3885 1280 3941; x_wconf 89' lang='lat' dir='ltr'>mercatus</span> <span class='ocrx_word' id='word_1_241' title='bbox 1318 3877 1388 3941; x_wconf 89' lang='lat' dir='ltr'>fuit</span> 
     </span>
     <span class='ocr_line' id='line_1_35' title="bbox 400 3977 1386 4061; baseline 0.006 -21"><span class='ocrx_word' id='word_1_242' title='bbox 400 3977 608 4041; x_wconf 89' lang='lat' dir='ltr'>abscondite</span> <span class='ocrx_word' id='word_1_243' title='bbox 641 3997 720 4041; x_wconf 92' lang='lat' dir='ltr'>cum</span> <span class='ocrx_word' id='word_1_244' title='bbox 751 3979 979 4061; x_wconf 88' lang='lat' dir='ltr'>pontificibus</span> <span class='ocrx_word' id='word_1_245' title='bbox 1012 3980 1145 4046; x_wconf 90' lang='lat' dir='ltr'>veteris</span> <span class='ocrx_word' id='word_1_246' title='bbox 1168 3983 1386 4060; x_wconf 90' lang='lat' dir='ltr'>testamenti,</span> 
     </span>
     <span class='ocr_line' id='line_1_36' title="bbox 400 4081 1430 4169; baseline 0.005 -23"><span class='ocrx_word' id='word_1_247' title='bbox 400 4082 481 4165; x_wconf 89' lang='lat' dir='ltr'>quia</span> <span class='ocrx_word' id='word_1_248' title='bbox 513 4081 563 4145; x_wconf 92' lang='lat' dir='ltr'>sic</span> <span class='ocrx_word' id='word_1_249' title='bbox 597 4082 821 4147; x_wconf 90' lang='lat' dir='ltr'>continuatur</span> <span class='ocrx_word' id='word_1_250' title='bbox 843 4084 1034 4167; x_wconf 85' lang='lat' dir='ltr'>generacio</span> <span class='ocrx_word' id='word_1_251' title='bbox 1064 4105 1184 4149; x_wconf 88' lang='lat' dir='ltr'>eorum</span> <span class='ocrx_word' id='word_1_252' title='bbox 1207 4086 1386 4169; x_wconf 85' lang='lat' dir='ltr'>adultera;</span> <span class='ocrx_word' id='word_1_253' title='bbox 1399 4099 1430 4152; x_wconf 78' lang='lat'>35</span> 
     </span>
    </p>
   </div>
   <div class='ocr_carea' id='block_1_4' title="bbox 399 4252 1391 4380">
    <p class='ocr_par' dir='ltr' id='par_1_4' title="bbox 399 4252 1391 4380">
     <span class='ocr_line' id='line_1_37' title="bbox 452 4252 1391 4312; baseline 0.006 -14"><span class='ocrx_word' id='word_1_254' title='bbox 452 4253 486 4298; x_wconf 76' lang='lat'>15.</span> <span class='ocrx_word' id='word_1_255' title='bbox 502 4252 519 4297; x_wconf 83' lang='grc' dir='ltr'><strong>Β</strong></span> <span class='ocrx_word' id='word_1_256' title='bbox 534 4253 557 4297; x_wconf 84' lang='lat' dir='ltr'>in</span> <span class='ocrx_word' id='word_1_257' title='bbox 573 4265 658 4308; x_wconf 66' lang='lat' dir='ltr'>marg:</span> <span class='ocrx_word' id='word_1_258' title='bbox 672 4253 744 4297; x_wconf 70' lang='lat' dir='ltr'>Judas</span> <span class='ocrx_word' id='word_1_259' title='bbox 756 4255 862 4308; x_wconf 75' lang='lat' dir='ltr'>possedit</span> <span class='ocrx_word' id='word_1_260' title='bbox 876 4267 969 4312; x_wconf 75' lang='lat' dir='ltr'>agrum.</span> <span class='ocrx_word' id='word_1_261' title='bbox 1025 4268 1058 4301; x_wconf 83' lang='lat' dir='ltr'>rr.</span> <span class='ocrx_word' id='word_1_262' title='bbox 1076 4258 1104 4312; x_wconf 71' lang='lat' dir='ltr'>B:</span> <span class='ocrx_word' id='word_1_263' title='bbox 1118 4257 1204 4301; x_wconf 81' lang='lat' dir='ltr'>vr&#39;deat.</span> <span class='ocrx_word' id='word_1_264' title='bbox 1268 4258 1305 4303; x_wconf 74' lang='lat' dir='ltr'>as.</span> <span class='ocrx_word' id='word_1_265' title='bbox 1320 4263 1391 4305; x_wconf 74' lang='lat' dir='ltr'>sessi·</span> 
     </span>
     <span class='ocr_line' id='line_1_38' title="bbox 399 4321 1001 4380; baseline 0.003 -13"><span class='ocrx_word' id='word_1_266' title='bbox 399 4335 451 4367; x_wconf 82' lang='lat' dir='ltr'>nam</span> <span class='ocrx_word' id='word_1_267' title='bbox 461 4324 566 4367; x_wconf 77' lang='lat' dir='ltr'>=reirin</span> <span class='ocrx_word' id='word_1_268' title='bbox 580 4334 608 4365; x_wconf 83' lang='lat' dir='ltr'>an</span> <span class='ocrx_word' id='word_1_269' title='bbox 624 4321 720 4374; x_wconf 70' lang='lat' dir='ltr'>English</span> <span class='ocrx_word' id='word_1_270' title='bbox 734 4324 778 4366; x_wconf 79' lang='lat' dir='ltr'>law</span> <span class='ocrx_word' id='word_1_271' title='bbox 793 4332 851 4370; x_wconf 82' lang='lat' dir='ltr'>term</span> <span class='ocrx_word' id='word_1_272' title='bbox 866 4325 1001 4380; x_wconf 76' lang='lat' dir='ltr'>(Matthew).</span> 
     </span>
    </p>
   </div>
   <div class='ocr_carea' id='block_1_5' title="bbox 0 0 1508 5026">
    <p class='ocr_par' dir='ltr' id='par_1_5' title="bbox 0 0 1508 5026">
     <span class='ocr_line' id='line_1_39' title="bbox 0 0 1508 5026; baseline 0 1"><span class='ocrx_word' id='word_1_273' title='bbox 0 0 1508 5026; x_wconf 95' lang='lat' dir='ltr'> </span> 
     </span>
    </p>
   </div>
  </div>
 </body>
</html>
