3008 5026
645 402 815 452 sommus
833 400 975 452 wicus
1182 379 1264 468 [ese.
1280 395 1309 440 ιι.

320 560 531 623 inscribitur.
571 556 672 623 Sicut
703 557 812 640 igitur
844 566 899 620 est
931 556 1083 620 affinitas
1115 555 1243 639 capitis
1267 557 1312 619 ad

321 665 446 747 pedes,
479 661 530 726 sic
562 660 657 725 racio
683 670 719 725 et
742 659 889 724 affeccio
917 670 1186 731 connectuntur,
1219 660 1312 724 sicut

322 766 432 831 eciam
466 785 570 830 omne
602 767 797 829 membrum
826 764 946 828 nobile
969 765 1029 828 vel
1051 764 1211 847 ignobile
1235 764 1312 828 sine

116 884 145 927 an
161 897 200 929 are
214 884 302 946 sonna,
322 870 558 936 contencione
591 870 703 934 servit
735 868 881 952 spiritui,
915 869 966 931 sic
991 888 1093 932 omne
1115 871 1311 932 membrum

106 936 312 1034 ¹⁰ei‘criinciiin’
323 975 475 1039 ecclesie
492 974 569 1039 sine
581 973 819 1038 contencione
831 972 1040 1037 minoritatis
1053 981 1090 1036 et
1100 973 1336 1037 obediencie5

142 1052 197 1086 Μ
212 1052 271 1098 'ny'
322 1080 435 1144 servit
450 1079 600 1162 Christe,
625 1088 662 1142 et
684 1078 777 1142 sicut
790 1079 947 1141 membra
962 1077 1225 1160 preeminencie
1240 1099 1313 1142 non

322 1186 367 1248 de
390 1205 454 1248 sua
480 1182 665 1247 nobilitate
698 1182 920 1266 superbiunt,
953 1184 1018 1245 sed
1050 1181 1184 1245 faciunt
1210 1202 1313 1247 suum

322 1289 477 1353 officium
500 1288 695 1351 secundum
717 1287 879 1370 regimen
902 1285 1016 1349 anime
1040 1287 1084 1349 ad
1107 1286 1313 1369 suffragium

322 1393 550 1476 singulorum,
574 1392 625 1456 sic
649 1393 759 1456 debet
782 1411 863 1456 esse
882 1392 927 1455 de
949 1391 1116 1454 membris
1141 1391 1310 1470 ecclesie,

320 1497 416 1561 oculi
448 1497 591 1581 quidem
624 1506 661 1561 et
690 1497 800 1560 facies
827 1505 949 1560 carent
970 1496 1031 1559 tali
1052 1495 1234 1579 tegimine,
1265 1516 1313 1560 ne
1327 1521 1355 1555 ιο

322 1603 476 1666 velatum
509 1603 705 1684 deturpent
737 1611 773 1666 et
795 1609 990 1685 preparent
1012 1602 1057 1664 ad
1078 1600 1227 1665 ruinam:
1260 1601 1312 1665 sic

322 1705 483 1770 Christus
506 1717 543 1771 et
566 1706 721 1790 apostoli
737 1727 783 1769 ex
803 1705 947 1769 fervore
964 1705 1117 1769 caritatis
1135 1716 1171 1770 et
1186 1705 1312 1769 aliena·

322 1811 426 1874 cione
442 1832 462 1873 a
476 1811 621 1874 fervore
633 1810 837 1894 cupiditatis
853 1830 924 1874 non
942 1819 1041 1873 erant
1055 1810 1312 1893 temporalibus

321 1915 526 1980 seculariter
557 1915 718 1981 involuti.
758 1913 833 1980 Sed
859 1918 1017 1978 membra
1042 1914 1157 1979 minus
1179 1914 1314 1978 nobilia

320 2029 361 2083 ut
405 2021 573 2103 pudenda
620 2029 703 2083 sunt
740 2018 960 2096 absconsius,
1004 2019 1231 2103 multiplicius
1277 2028 1355 2083 etis

320 2123 477 2188 tenerius
501 2132 683 2207 cooperta,
709 2123 818 2187 etsie
842 2132 898 2187 est
920 2125 965 2186 de
982 2124 1312 2207 contemptibilibus

319 2247 386 2310 per
409 2247 500 2310 quos
523 2227 623 2290 feces
648 2227 801 2290 ecclesie
827 2236 1081 2311 expurgantur.

363 2330 436 2394 Alii
459 2341 575 2395 autem
599 2331 762 2396 dividunt
783 2333 942 2395 membra
974 2332 1125 2395 ecclesie
1152 2331 1188 2395 in
1212 2331 1311 2415 spiri·

320 2435 427 2499 tualia
449 2437 508 2500 vel
537 2437 687 2500 dextera
710 2437 802 2500 sicut
825 2439 957 2500 clerum
995 2446 1033 2500 et
1054 2439 1212 2500 membra
1235 2457 1311 2500 cor·

320 2540 457 2622 poralia
476 2542 536 2603 vel
562 2540 705 2605 sinistra
723 2549 764 2604 ut
785 2543 920 2625 laycos,
944 2551 980 2605 et
1002 2542 1114 2624 prima
1136 2562 1218 2625 pars
1243 2562 1313 2625 que
1324 2565 1356 2599 πο

320 2645 431 2709 debet
463 2665 545 2709 esse
577 2657 617 2709 ut
639 2655 773 2709 tectum
796 2646 923 2710 domus
948 2645 1111 2724 ecclesie,
1145 2666 1189 2709 eo
1215 2648 1313 2729 quod

318 2769 390 2812 non
424 2749 519 2833 capit
549 2749 585 2813 in
609 2770 648 2814 se
672 2749 879 2814 incisionem
904 2750 1057 2830 dominii,
1080 2762 1241 2815 remanet
1263 2751 1312 2814 in·

321 2853 442 2916 divisa.
468 2852 541 2919 Sed
565 2857 722 2918 secunda
744 2875 828 2938 pars
853 2855 1021 2918 dividitur
1044 2857 1080 2918 in
1102 2856 1312 2939 prepositos

321 2968 358 3022 et
374 2958 558 3041 operarios
574 2968 613 3022 ut
637 2959 793 3042 parietes
810 2968 848 3022 et
864 2960 1130 3023 fundamentum
1148 2959 1311 3041 ecclesie,

321 3070 357 3125 et
381 3060 432 3124 sic
452 3063 624 3126 habemus
647 3072 721 3126 tres
744 3063 945 3147 yerarchias
968 3063 1119 3127 ecclesie
1136 3083 1215 3127 curn
1239 3063 1354 3128 suis25

320 3166 636 3243 subdivisionibus,
669 3168 705 3231 in
737 3178 874 3250 partem
907 3169 1068 3251 infimam,
1099 3169 1250 3231 mediam
1277 3179 1313 3233 et

320 3290 529 3355 supremam
552 3270 624 3334 Alii
640 3281 757 3335 autem
782 3292 829 3334 ex
849 3269 853 3358 Ι
873 3281 979 3337 textu
995 3273 1150 3356 apostoli
1169 3275 1312 3337 trahunt
1342 3295 1385 3345 170

320 3395 451 3438 novem
473 3384 596 3458 partes
613 3376 766 3439 ecclesie
783 3378 826 3439 ad
848 3397 978 3440 novem
993 3386 1115 3459 partes
1132 3376 1312 3461 simplices

321 3490 357 3544 et
380 3478 613 3563 spermaticas
635 3478 671 3542 in
694 3481 846 3544 humano
871 3501 1023 3564 corpore
1047 3490 1084 3545 et
1107 3482 1164 3544 alii
1188 3490 1313 3565 aptant

319 3585 417 3667 ipsas
440 3584 484 3647 ad
507 3603 642 3665 organa
660 3594 812 3667 propter
828 3585 1103 3649 conveniencias
1124 3587 1311 3651 naturales.
1324 3595 1355 3646 30

138 3713 272 3758 preference
365 3687 439 3753 Sed
477 3689 801 3771 quomodocunque
838 3689 1025 3773 loquimur,
1065 3698 1121 3754 est
1157 3691 1314 3754 notanda

104 3771 264 3874 mesiffiiip
280 3819 307 3863 ος
321 3791 508 3856 diversitas
524 3792 616 3855 inter
631 3795 789 3857 membra
802 3793 949 3858 istorum
967 3814 1163 3878 corporum.
1186 3794 1314 3878 Prima,

104 3871 220 3967 thih2⁰⁶
235 3872 300 3968 ῃῗὲξ,
322 3916 400 3959 cum
428 3905 549 3978 partes
582 3896 734 3960 ecclesie
769 3898 1020 3963 continuantur
1051 3919 1116 3982 per
1148 3898 1312 3982 graciam

321 4019 393 4062 non
415 3998 611 4083 respiciunt
633 4002 855 4084 posicionem
874 4006 933 4068 vel
957 4003 1200 4068 ubicacionem
1223 4003 1313 4069 situs

373 4272 602 4329 1.Ainmarg.:r.
655 4276 893 4331 4.Ainmarg.:².
949 4279 1193 4335 6.Ainmarg.:3.
1247 4279 1311 4325 snb

318 4341 340 4385 in
357 4353 444 4396 marga
459 4341 591 4387 Diverrltar
605 4344 629 4388 in
642 4344 749 4388 mern
762 4346 870 4400 corporis
883 4347 992 4402 organui
1003 4353 1026 4392 et
1039 4348 1143 4391 ecclesie.
