3008 5026
352 1195 674 1292 CAPITULUM
705 1197 944 1293 PRIMUM.

64 1413 125 1532 ,¹³52st
197 1436 272 1499 lam
301 1437 422 1501 ultimo
452 1446 566 1502 restat
598 1438 721 1502 videre
753 1440 936 1521 quomodo
971 1438 1203 1522 Christus,0ur
1217 1451 1348 1508 subiectis:

1164 1504 1238 1550 What
1251 1505 1307 1550 lind
1322 1506 1350 1549 ot

154 1541 316 1605 dominus
339 1551 471 1626 noster,
496 1551 604 1627 caput
628 1544 839 1608 universalis
863 1545 1026 1626 ecclesie,
1050 1546 1359 1654 ‘'fdi'enili'lli'linr

153 1645 251 1708 navit
266 1666 433 1728 sponsam
443 1668 541 1711 suam
552 1650 746 1711 secundum
757 1651 889 1730 gradus
900 1649 1141 1714 ecclesiastice
1151 1661 1188 1706 tor
1203 1663 1239 1705 hi·
1254 1660 1358 1707 churen-

129 1750 357 1818 ihierarchie.
403 1753 475 1826 Pro
505 1754 605 1817 cuius
634 1753 877 1817 declaracione
905 1774 1056 1819 necesse
1086 1764 1142 1819 est

153 1856 268 1938 primo
292 1877 497 1940 supponere
521 1858 797 1922 stabilimentum
817 1859 1014 1924 autoritatis
1031 1860 1141 1944 scrip·

152 1969 241 2036 ture,
272 1962 317 2025 de
344 1982 416 2044 quo
444 1971 545 2046 patet
573 1963 728 2045 capitulo
752 1964 845 2027 XIV
868 1963 949 2028 libri
976 1965 1140 2047 proximi.

152 2063 321 2129 Secundo
345 2086 513 2150 suppono
534 2070 697 2150 vulgatas
721 2068 1004 2151 significaciones
1027 2069 1141 2133 termi-

152 2189 277 2233 norum
305 2172 514 2254 questionis,
547 2193 637 2255 quas
675 2173 757 2236 alibi
790 2193 936 2257 expono
971 2172 1142 2239 diffusius.

113 2272 291 2354 roQuibus
315 2276 512 2358 suppositis
535 2285 702 2358 superest
726 2287 878 2341 tractare
906 2281 947 2342 de
969 2280 1140 2362 partibus,
1160 2288 1345 2384 Wiaiiiieiin

152 2381 193 2443 de
219 2382 415 2464 qrrantitate,
443 2384 484 2446 de
510 2384 674 2463 qualitate
701 2388 732 2446 et
757 2384 955 2447 habitudine
978 2387 1141 2447 moderna
1160 2393 1352 2488 ppduffiearrp

153 2486 285 2548 ecclesie
307 2488 355 2548 ad
372 2487 541 2567 priorem.
574 2487 621 2550 Et
644 2507 722 2550 cum
745 2487 863 2551 innata
887 2487 933 2551 sit
955 2487 1060 2551 nobis
1083 2487 1140 2550 via
1169 2498 1199 2541 its
1214 2497 1340 2542 leirene.

151 2589 262 2652 instar
292 2598 417 2653 nature
449 2610 468 2653 a
504 2590 615 2673 priori
650 2593 861 2674 procedere,
900 2590 1140 2655 necessarium

152 2692 293 2757 videtur
316 2694 565 2757 scholasticum
589 2694 736 2758 stabiliri
758 2695 794 2758 in
817 2695 965 2764 materia
981 2697 1025 2758 de
1042 2694 1139 2777 quid·

114 2796 262 2861 uditate
287 2808 323 2863 et
346 2798 589 2863 accidentibus
612 2799 813 2882 potestatis.

195 2902 364 2967 Potestas
403 2903 495 2966 enim
535 2912 590 2967 est
631 2904 831 2968 universale
869 2903 1141 2968 instrumentum
1164 2916 1252 3011 130pr
1256 2916 1344 3012 iiiiii

153 3009 325 3091 operandi
354 3017 390 3071 et
419 3007 699 3071 communicandi
726 3008 761 3071 in
785 3008 853 3070 ista
876 3008 1028 3073 materia
1066 2982 1360 3127 D³'⁰l‚‘i²c¹tl.ll⁸{⁰ri”¹

152 3113 320 3177 scribitur
347 3122 463 3177 autem
491 3123 654 3197 potestas
682 3115 726 3175 ab
749 3112 946 3177 Aristotele
970 3112 1005 3175 V
1030 3113 1140 3176 Meta·
1200 3125 1306 3168 another.

151 3216 303 3301 physice
332 3235 342 3276 ι
375 3220 473 3300 quod
502 3224 549 3282 est
574 3218 789 3300 principium
818 3223 930 3280 motus
957 3219 1009 3280 aei
1031 3222 1140 3280 muta·

110 3324 260 3385 meionis
282 3327 343 3387 aut
370 3324 405 3385 in
432 3326 541 3387 attero
564 3328 623 3386 aut
645 3324 682 3386 in
704 3327 872 3403 quantum
900 3324 1058 3386 alterum.
1095 3321 1142 3384 Et

208 3546 241 3590 15.
258 3548 278 3590 Α
293 3547 316 3589 ln
332 3558 418 3602 marga
434 3546 539 3590 Potestas
553 3545 664 3601 quidest.

206 3687 231 3736 7.
249 3671 328 3721 Libri
336 3673 467 3736 proximi,
481 3686 556 3720 error
569 3672 609 3733 (ut
621 3669 738 3736 videtur)
751 3669 899 3720 scribentis.
915 3671 993 3720 Liber
1005 3671 1143 3735 proximus

154 3769 193 3808 est
206 3757 245 3809 De
259 3757 359 3822 Officio
373 3760 451 3825 regis,
472 3759 495 3807 in
510 3759 611 3824 quode
630 3766 759 3823 potestate
773 3758 945 3807 solummodo
964 3757 1032 3822 regis
1051 3758 1142 3822 agitur.

154 3845 373 3896 stabilimentum
410 3847 567 3896 autoritatis
593 3859 670 3896 sacre
696 3845 833 3910 scripture
864 3845 890 3894 in
921 3845 989 3894 libro
1016 3842 1144 3893 iohannis

154 3931 256 3999 Wyclif
280 3933 318 3982 De
336 3933 451 3983 Veritate
479 3934 556 3983 Sacro
585 3933 720 3997 Scriptura
749 3947 834 3997 nuper
862 3946 876 3980 a
904 3931 1059 3981 doctissimo
1087 3931 1144 3979 viro

156 4019 272 4070 Rudolio
301 4020 470 4085 Buddensieg
498 4021 570 4070 edito
598 4021 674 4084 quasi
703 4035 750 4085 per
776 4029 861 4069 totum
890 4019 1009 4069 invenire
1037 4017 1144 4084 poteris.

157 4118 196 4175 19.
217 4109 324 4158 Rectius
343 4108 490 4156 Aristotelis
508 4106 623 4171 Metaph.
643 4106 686 4173 lV,
710 4121 748 4172 12,
770 4106 811 4158 ed.
831 4106 903 4157 acad.
923 4106 1076 4154 Borussica:
1096 4102 1145 4155 Po·

154 4195 240 4246 teucia
267 4195 370 4244 dicitur
387 4231 394 4245 .
413 4231 419 4246 .
438 4229 444 4244 .
460 4194 631 4259 principium
660 4196 748 4244 motus
774 4195 822 4243 aut
848 4193 1089 4243 transmutaeionis
1116 4191 1145 4240 in

153 4283 240 4333 attero
258 4285 306 4333 aut
321 4285 407 4347 prout
423 4284 540 4333 atterum
559 4282 604 4332 est.

207 4375 239 4412 De
251 4374 364 4413 Poteutste
376 4376 441 4418 Pane.
1031 4382 1036 4413 t
