3008 5026
122 365 162 422 66
678 371 846 423 sommis
864 370 1005 428 wrclu·
1193 351 1273 437 [car.
1291 367 1333 412 nv.

145 548 305 592 rawswoua
386 532 458 595 Sed
491 541 644 614 negetur
667 529 762 611 illud,
800 528 864 590 nisi
899 527 991 590 forte
1026 537 1200 591 vocentur
1231 530 1333 611 leges

122 600 324 705 astii¹eiie⁵pi¹so
341 638 497 717 hereses,
531 635 660 718 quibus
692 634 875 697 intricatur
904 632 1061 696 ecclesia.
1098 631 1215 696 Nichil
1240 633 1331 696 enim

132 706 321 800 eiiiiriieiicyat
341 751 396 805 est
420 740 532 823 magis
555 739 749 801 hereticum
768 758 869 820 quam
892 737 1121 819 pertinaciter
1137 736 1333 799 defendere

341 847 437 927 quod
462 864 505 906 eo
529 845 609 926 ipso
626 863 697 925 quo
715 845 893 905 electores
911 843 968 903 vel
984 841 1095 904 maior
1110 862 1192 924 pars
1210 861 1332 905 eorum

342 949 563 1013 consenserit
585 949 667 1011 viva
690 968 782 1011 voce
816 948 1008 1011 secundum
1036 945 1125 1010 ritus
1152 946 1359 1009 hominum5

341 1055 375 1117 in
386 1073 574 1137 personam
591 1055 750 1137 aliquam,
767 1073 809 1115 eo
825 1053 905 1134 ipso
918 1052 1139 1133 illapersona
1155 1052 1331 1134 legittime

342 1169 398 1222 est
414 1161 542 1231 electa;
560 1168 707 1241 oportet
723 1158 813 1220 enim
826 1159 1027 1220 subducere
1044 1156 1333 1219 subduccionem.

342 1265 423 1347 quia
447 1272 518 1327 stat
540 1263 575 1327 in
602 1264 752 1346 culpatis
778 1263 997 1325 electoribus
1018 1263 1114 1343 quod
1131 1263 1268 1324 electus
1286 1262 1331 1324 sit

342 1369 517 1451 pessimus
542 1369 767 1431 antichristus
792 1378 828 1430 et
851 1377 920 1430 stat
942 1367 1020 1429 illos
1037 1387 1155 1429 amore
1172 1368 1230 1428 vel
1248 1367 1331 1428 odio

343 1474 477 1554 eligere
501 1493 689 1555 personam
715 1474 749 1535 in
768 1493 869 1555 quam
887 1474 987 1535 Deus
1004 1492 1075 1534 non
1100 1472 1333 1551 consenserit,
1349 1498 1378 1528 ιι,

343 1580 434 1641 sicut
473 1589 543 1640 stat
580 1579 679 1660 ipsos
717 1580 807 1640 male
842 1579 976 1660 eligere
1009 1597 1197 1658 personam
1234 1576 1334 1639 cuius

343 1682 560 1746 eleccionem
585 1683 761 1766 passivam
785 1684 886 1745 Deus
910 1684 1096 1764 approbat.
1125 1681 1213 1743 Ideo
1239 1680 1333 1742 idern

342 1791 411 1852 hoc
443 1788 537 1850 foret
570 1790 716 1851 credere
751 1799 787 1850 et
820 1789 995 1850 electores
1021 1787 1196 1849 extollere
1225 1804 1335 1867 super

344 1893 471 1973 Deum,
497 1892 578 1974 quia
601 1892 776 1955 ratificare
800 1912 866 1974 per
890 1911 953 1955 eos
980 1891 1197 1954 eleccionem
1216 1891 1334 1972 quoad

344 2016 532 2078 personam
567 1998 661 2079 apud
683 1997 801 2060 Deum
824 1996 1026 2075 inhabilem,
1060 1998 1156 2077 quod
1179 1994 1334 2058 Trinitas
1351 2003 1378 2053 15

344 2121 414 2163 non
439 2109 562 2183 potest
577 2101 705 2166 facere.
728 2101 816 2164 Ideo
834 2102 884 2163 illi
900 2101 960 2184 qui
976 2099 1179 2182 religiosius
1198 2099 1336 2182 eligunt

345 2205 520 2267 subducta
536 2205 761 2268 revelacione
779 2208 892 2268 solum
909 2204 1086 2288 probabili
1103 2204 1335 2288 reputacione

345 2309 603 2392 pronuncciant
625 2330 692 2392 pro
718 2312 844 2374 electo.

156 2429 171 2469 ¹¹
187 2440 207 2470 ιε
222 2426 307 2478 areued
391 2413 465 2477 Sed
489 2416 647 2477 secundo
671 2414 864 2496 replicatur
887 2435 953 2498 per
974 2417 1043 2478 hoc
1067 2416 1164 2497 quod
1188 2423 1336 2496 oportet

136 2479 330 2591 eiigioiiiii'er
347 2540 413 2602 pro
438 2521 609 2583 salvando
635 2540 740 2582 cursu
764 2529 800 2583 et
824 2529 916 2584 statu
940 2520 1092 2583 ecclesie
1120 2518 1276 2582 incidere
1300 2519 1381 2582 inno

145 2583 317 2679 iiffiniii'cii
346 2626 435 2688 tales
460 2644 599 2686 errores
624 2624 865 2705 absconditos,
890 2645 934 2687 ne
956 2624 1108 2687 ecclesia
1124 2623 1337 2687 destituatur

347 2729 528 2812 regimine.
550 2732 554 2808 Ι
576 2726 648 2792 Sed
687 2728 753 2791 iste
794 2739 848 2792 est
887 2729 1104 2792 communior
1141 2730 1263 2811 lapsus
1302 2730 1336 2791 in
1372 2744 1427 2803 ¹75¹

345 2833 510 2915 heresim,
550 2854 617 2916 qua
651 2835 907 2917 dogmatizatur
940 2837 1153 2916 peccandum
1193 2854 1263 2898 esse
1302 2841 1337 2896 u!

346 2941 471 3002 bonrrm
496 2941 632 3003 eveniat.
658 2939 807 3002 Constat
831 2939 972 3020 quidem
1000 2960 1045 3001 ex
1062 2940 1132 3002 fide
1157 2941 1252 3022 quod
1270 2961 1336 3022 pro

348 3053 424 3106 toto
463 3045 594 3105 mundo
633 3064 704 3106 non
744 3043 964 3106 consentiret
998 3043 1114 3106 fidelis
1152 3045 1380 3107 mendaciom

143 3173 201 3235 rm,
217 3174 322 3229 ,rdorng
349 3150 554 3227 electorum,
590 3149 680 3211 sicut
713 3169 779 3211 nec
804 3150 979 3211 electores
1005 3159 1127 3212 contra
1151 3148 1336 3212 veritatem

143 3227 326 3334 ⁰i'n'aihiinirif'd
348 3253 524 3333 eligerent
548 3275 653 3317 unum
678 3254 865 3317 inhabilem
892 3276 996 3337 quem
1019 3256 1119 3317 Deus
1143 3254 1241 3336 prius
1265 3274 1336 3316 non

349 3358 499 3440 elegerit
523 3369 558 3423 et
580 3359 827 3423 habilitaverit.
851 3360 897 3424 Et
922 3369 1024 3442 patet
1040 3361 1137 3442 quod
1153 3359 1337 3422 sentencia

349 3462 576 3525 electivarum
601 3466 720 3545 legum
745 3466 854 3528 debet
878 3485 1083 3548 supponere
1105 3473 1224 3527 cetera
1240 3464 1338 3546 paria

349 3577 385 3630 et
409 3565 602 3630 conformia
626 3569 661 3630 in
685 3569 934 3651 preeleccione
961 3569 1088 3648 divina,
1122 3569 1203 3652 quia
1235 3569 1382 3632 aliter3o

349 3680 405 3734 est
428 3669 524 3734 dicta
547 3673 696 3735 maxima
721 3694 854 3736 summe
878 3673 1108 3756 impossibilis
1130 3683 1166 3736 et
1182 3673 1336 3736 fidelium

153 3801 205 3843 eoa
222 3801 264 3843 las
280 3808 318 3843 „01
349 3776 543 3839 seductiva.
560 3776 637 3840 Nec
653 3777 778 3860 aliquis
794 3777 909 3841 fidelis
924 3780 969 3842 ad
985 3787 1118 3842 tantum
1136 3778 1337 3858 infatuatur,

154 3853 311 3949 &illabili
348 3890 387 3942 ut
420 3883 539 3944 credat
562 3880 678 3944 Deum
713 3903 758 3944 ex
792 3893 898 3965 pacto
923 3884 1141 3946 electoribus
1169 3882 1337 3946 assistere

138 3953 325 4001 ‘¹²⁶⁸¹⁰¹¹¹¹²⁸d⁶'
350 3994 386 4047 et
418 4005 515 4047 suam
549 3984 766 4048 eleccionem
795 3986 1059 4070 qualiscumque
1084 3986 1190 4049 fuerit
1215 3986 1336 4050 confir·

404 4273 435 4301 ro.
451 4261 469 4301 Α
487 4260 510 4302 iu
527 4272 614 4315 marg:
631 4271 652 4302 ι’.
677 4261 804 4304 Eleccr‘om'r
818 4264 882 4316 leges
897 4266 1012 4319 quomodo
1026 4269 1079 4305 sunt
1094 4265 1251 4318 intelligente.
1273 4264 1337 4307 Elec·

348 4329 421 4370 cione-
437 4331 518 4369 modm·
534 4330 556 4371 iu
571 4331 696 4383 prelatum.
759 4335 794 4374 ΞΝ,
811 4333 899 4374 (20de
915 4333 1086 4375 humilitaverit.
