3008 5026
633 391 802 442 Jounums
821 390 960 440 wrcen
1146 372 1232 452 [cae.
1253 384 1301 428 ru.

309 549 501 633 paracione
545 550 588 611 ad
630 546 883 611 inconveniens
926 546 1022 628 quod
1064 544 1221 629 insurgit
1258 564 1304 607 ex

311 653 453 736 legibus
478 662 514 718 et
536 651 703 736 practicis
720 652 813 715 circa
828 650 1088 714 ecclesiasticas
1104 649 1304 731 porciones

311 757 479 838 Quamvis
502 767 619 820 autem
641 764 788 839 oportet
813 757 910 838 quod
933 775 1047 819 senex
1071 754 1243 817 sacerdos
1259 753 1305 816 sit

313 862 565 945 sumptuosior,
598 869 715 925 tamen
751 881 823 925 non
846 860 920 924 vidi
954 879 1075 923 senem
1099 858 1206 922 talem
1230 857 1306 921 sine

313 986 407 1049 pena
429 965 569 1049 peccati
592 966 646 1030 sui
670 986 689 1029 a
704 966 859 1029 Domino
876 965 996 1047 quoad
1011 963 1208 1046 temporale
1225 966 1331 1026 sub-5

313 1069 440 1133 sidium
467 1069 685 1134 derelictum.
709 1071 774 1133 Ille
797 1069 898 1145 enirn,
922 1067 1071 1151 quinon
1091 1065 1308 1148 derelinquit

311 1174 347 1237 in
380 1173 482 1237 bonis
514 1173 674 1237 maximis
706 1194 778 1236 non
810 1181 934 1256 potest
962 1172 1116 1235 deficere
1143 1169 1308 1234 inbonis

312 1276 471 1342 minimis.
512 1277 695 1342 Presbiter
725 1277 835 1360 igitur
858 1277 938 1341 talis
962 1276 1169 1359 decrepitus
1197 1278 1309 1340 debet

314 1402 441 1445 cavere
466 1383 510 1445 de
533 1382 695 1460 avaricia,
724 1384 769 1445 de
794 1381 888 1444 omni
913 1380 1121 1446 assistencia
1146 1379 1308 1444 familiari

314 1487 372 1549 vel
404 1486 624 1551 ministeriali
655 1485 847 1570 superflua,
882 1495 918 1548 et
950 1486 1033 1549 dare
1066 1506 1105 1549 se
1138 1484 1351 1562 oracionem

315 1590 614 1673 contemplacioni
646 1601 682 1653 et
706 1590 803 1654 omni
834 1592 941 1654 modo
973 1610 1045 1672 quo
1068 1589 1202 1653 sufficit
1225 1610 1308 1672 pro·

315 1695 420 1759 desse
454 1696 621 1771 ecclesie3
656 1703 693 1758 et
725 1695 776 1758 sic
799 1695 873 1759 vite
898 1695 1065 1759 sanctitas
1089 1715 1130 1758 ac
1155 1693 1309 1757 ecclesie

316 1798 498 1863 edificacio
533 1799 600 1863 erit
633 1808 739 1878 carta,
771 1799 1053 1883 procuratorium
1086 1818 1126 1862 ac
1153 1797 1310 1861 medium

315 1903 548 1986 interpellans
572 1905 618 1968 ad
641 1905 758 1968 Deum
782 1914 819 1968 et
842 1905 1025 1988 populum,
1052 1913 1202 1987 propter
1225 1913 1310 1967 tem·

315 2008 439 2089 porale
456 2009 651 2072 subsidium
670 2009 931 2092 acquirendum,
956 2009 1007 2073 sic
1023 2009 1121 2091 quod
1140 2010 1311 2072 sacerdos
1325 2016 1352 2067 15

317 2111 486 2175 moriatur
518 2113 679 2191 clericus,
713 2114 857 2178 deserto
890 2114 1012 2177 seculo
1044 2113 1080 2176 in
1114 2132 1182 2196 spe
1210 2111 1311 2195 spiri·

317 2214 422 2278 tualis
445 2217 627 2299 porcionis
651 2218 837 2295 dominice,
862 2218 954 2281 sicut
969 2216 1059 2280 vixit
1076 2215 1314 2299 corporaliter

321 2338 368 2381 ex
392 2322 567 2402 porcione
591 2322 723 2385 domini
745 2323 940 2405 temporali.

359 2422 442 2487 Non
473 2425 582 2508 igitur
615 2426 791 2509 sequitur:
833 2427 984 2489 Multum
1017 2428 1145 2488 malum
1180 2425 1313 2489 exinde

319 2528 556 2613 contingeret,
579 2530 688 2613 igitur
710 2550 783 2593 non
804 2532 884 2609 hoc,
908 2531 974 2595 sed
997 2530 1073 2595 eius
1096 2530 1358 2594 contrarium20

320 2643 375 2696 est
390 2636 592 2699 tenendum.
617 2634 678 2699 Sic
695 2635 788 2698 enim
810 2637 855 2698 de
867 2634 871 2719 Ι
883 2644 1079 2699 strueretur
1100 2634 1214 2698 maior
1229 2655 1315 2718 pars
1343 2646 1400 2702 250¹

318 2739 439 2820 legum
473 2748 509 2801 et
541 2759 743 2803 sermonum
769 2739 897 2803 Christi
931 2749 967 2803 et
999 2740 1161 2803 facienda
1192 2740 1317 2803 forent

321 2844 410 2905 mala
443 2852 481 2906 ut
512 2847 607 2908 bona
630 2845 806 2911 eveniant.
844 2845 1001 2927 Propter
1027 2844 1109 2907 talia
1131 2843 1243 2927 igitur
1265 2844 1317 2907 in-

322 2947 580 3011 conveniencia
613 2949 771 3031 expedit,
804 2950 901 3031 quod
931 2949 1046 3013 fidelis
1072 2957 1191 3013 teneat
1215 2968 1256 3011 se
1280 2949 1318 3012 in

321 3051 491 3114 limitibus
522 3053 614 3137 legis
648 3051 787 3130 Christi,
820 3053 989 3117 videlicet
1021 3074 1093 3116 non
1131 3053 1359 3136 exigend025

322 3157 403 3239 plus
437 3159 495 3219 vel
534 3158 711 3221 attencius
744 3157 789 3219 de
822 3158 1079 3240 temporalibus
1111 3177 1218 3241 quam
1245 3160 1317 3222 hec

324 3262 440 3324 docet.

123 3377 288 3476 &liugom
368 3365 546 3446 Quantum
570 3386 657 3430 vero
691 3368 734 3429 ad
766 3370 969 3449 gravandos
1003 3368 1144 3431 videtur
1175 3371 1274 3450 quod
1299 3390 1320 3432 a

121 3487 159 3531 ue
174 3483 298 3528 hortator
325 3489 461 3535 summo
485 3470 657 3552 pontifice
682 3492 795 3553 usque
818 3473 862 3534 ad
884 3472 1063 3535 minimum
1091 3474 1318 3536 sacerdotem

183 3548 244 3589 Μ’
325 3596 448 3637 omnes
471 3585 623 3657 peccant
650 3576 685 3638 in
709 3576 918 3658 recipiendo
941 3578 1037 3640 bona
1059 3597 1257 3659 pauperum
1283 3586 1320 3640 et
1331 3590 1364 3641 30

326 3679 587 3744 ecclesiasticas
620 3681 825 3762 dignitates,
862 3702 941 3744 nam
974 3681 1124 3765 quilibet
1156 3701 1251 3764 papa
1283 3681 1320 3744 in

326 3795 495 3867 quantum
518 3785 597 3847 talis
613 3795 756 3849 tenetur
773 3806 854 3850 esse
873 3787 1115 3850 sanctissimus
1130 3786 1320 3862 viatorum,

328 3899 364 3951 et
380 3892 446 3953 sub
463 3890 523 3952 illo
536 3892 657 3953 colore
669 3891 799 3974 accipit
807 3891 895 3954 illud
909 3911 1051 3968 nomem
1068 3892 1165 3974 quod
1175 3889 1321 3954 videtur

380 4127 402 4173 3.
422 4129 498 4175 Codd.
518 4129 541 4173 in
562 4141 649 4185 marga
672 4127 755 4173 Vivere
772 4129 802 4174 de
819 4142 865 4184 quo
884 4135 966 4185 ponet
984 4130 1103 4184 sacerdos,
1123 4142 1145 4174 er
1163 4130 1255 4175 dcem
1272 4143 1322 4176 m

327 4203 408 4242 essent.
466 4212 498 4242 io.
519 4203 552 4243 A:
571 4200 757 4250 instrumenta&
779 4201 808 4244 B:
827 4202 852 4243 in
871 4202 1045 4245 sacramentali.
1101 4213 1138 4254 ²4·
1154 4199 1185 4243 B:
1203 4213 1230 4244 se
1246 4201 1323 4244 deest.

329 4267 366 4311 25.
387 4268 417 4312 B:
436 4281 483 4312 non
501 4269 572 4313 deest.
637 4268 672 4314 31.
687 4270 763 4313 codd.
783 4271 806 4313 in
826 4282 911 4325 marga
931 4270 1098 4316 Sanctissimae
1118 4272 1237 4314 rualem
1254 4272 1325 4316 debet

326 4350 392 4393 papa
405 4351 460 4383 esre.
