3008 5026
145 394 215 439 car.
233 375 297 464 rm]
440 397 484 446 ns
503 395 715 447 rorssrlre
735 398 835 448 earn.

144 554 298 616 brorum.
337 551 486 616 Constat
516 552 660 635 quidem
697 553 794 635 quod
826 553 943 617 clerus
976 550 1130 614 ecclesie

146 655 320 720 claudicat
341 655 378 719 in
402 657 489 720 duas
504 665 626 739 partes
643 656 766 734 divisa,
790 656 928 720 scilicet
941 655 978 719 in
993 663 1131 738 partem

146 758 276 824 Christi
307 768 344 824 et
374 769 511 843 partem
544 780 733 827 cesaream.
770 760 859 824 Ideo
891 779 1042 824 necesse
1075 766 1131 822 est

145 865 270 947 laycos
293 873 528 949 supportatos
550 885 618 949 per
632 865 733 948 ipsos
755 863 792 928 in
816 862 986 948 opinione
1008 871 1045 926 et
1059 862 1133 927 vita

120 978 217 1036 stam
242 969 403 1052 dispares
426 969 590 1035 titubare.

189 1072 348 1138 Possunt
375 1083 491 1138 autem
521 1075 591 1140 iste
625 1075 693 1138 due
724 1083 846 1157 partes
876 1093 943 1157 per
968 1074 1038 1138 hoc
1062 1070 1131 1136 dis·

147 1176 246 1242 cerni
267 1177 453 1261 potissime
470 1182 568 1262 quod
585 1181 700 1243 clerus
716 1199 880 1243 cesareus
896 1177 1004 1242 instat
1019 1185 1131 1241 atten-

146 1282 223 1346 cius
259 1303 324 1366 pro
362 1282 616 1347 tradicionibus
657 1284 817 1347 humanis
856 1293 893 1347 et
934 1280 1133 1365 privilegiis

147 1407 219 1469 que
240 1386 368 1450 fastum
392 1395 428 1451 et
450 1389 585 1451 lucrum
601 1387 713 1451 seculi
729 1386 870 1471 sapiunt
886 1385 1132 1450 defendendis.

106 1489 223 1555 roSed
254 1492 369 1555 clerus
393 1490 522 1556 Christi
553 1492 692 1556 laborat
725 1491 866 1556 assidue
893 1511 958 1574 pro
991 1489 1133 1574 legibus

148 1594 277 1659 Christi
293 1603 330 1658 et
345 1595 421 1659 eius
437 1596 643 1679 privilegiis,
659 1596 788 1680 quibus
803 1598 935 1660 bonum
952 1593 1134 1679 spirituale

148 1698 339 1782 acquiritur
362 1702 636 1780 ostendendum;
660 1720 728 1764 nec
751 1702 839 1783 phas
864 1709 919 1765 est
940 1698 1038 1763 fideli
1061 1698 1129 1762 dis·

148 1805 294 1867 credere
317 1803 403 1888 quin
424 1805 493 1869 ista
514 1825 596 1888 pars
620 1804 784 1869 sitrecte
805 1814 842 1869 et
862 1804 959 1888 prior
975 1822 1134 1887 erronea,

147 1907 185 1970 in
208 1918 341 1972 tantum
374 1911 472 1992 quod
504 1910 617 1974 omnis
649 1909 803 1974 innitens
829 1909 941 1993 priori
962 1908 1057 1992 parti
1080 1915 1136 1972 est

107 2027 137 2079 15
147 2013 300 2077 infidelis
314 2013 504 2095 hereticus,
527 2014 608 2098 quia
627 2014 663 2078 in
679 2014 874 2079 affeccione
890 2013 1135 2097 preponderat

148 2119 244 2181 bona
274 2118 482 2201 temporalia
513 2119 619 2183 bonis
643 2119 784 2202 eternis,
818 2126 854 2182 et
882 2138 960 2182 cum
983 2117 1135 2200 pertina-

149 2222 239 2286 citer
270 2222 431 2287 defendit
465 2225 559 2287 hunc
592 2244 748 2288 errorem
780 2232 956 2306 tamquam
993 2240 1136 2299 avarus

147 2329 239 2408 quod
268 2333 317 2391 est
336 2330 530 2410 ydolorum
561 2330 717 2411 servitus,
754 2336 856 2411 patet
892 2327 989 2410 quod
1023 2324 1136 2390 omnis

148 2432 228 2495 talis
252 2431 299 2495 sit
319 2431 497 2497 hereticus
520 2432 681 2497 infidelis,

106 2562 139 2597 ιο
192 2536 239 2600 Et
262 2536 392 2601 exista
408 2536 556 2620 perfidia
571 2537 754 2619 consurgit
768 2535 915 2615 heresis,
940 2533 1137 2618 quodlicet

151 2640 287 2706 clericis
311 2650 347 2706 et
362 2641 565 2725 specialiter
581 2641 764 2725 episcopis
781 2639 932 2704 civiliter
953 2637 1134 2717 dominari,

151 2746 249 2828 quod
272 2745 413 2809 fulcitur
437 2766 484 2810 ex
505 2747 574 2810 hoc
599 2747 697 2829 quod
722 2745 920 2809 dominacio
944 2742 1058 2808 civilis
1079 2750 1136 2806 est

150 2849 255 2927 licita,
270 2851 355 2915 licet
366 2850 517 2915 difficilis
523 2873 531 2931 3
546 2850 606 2914 ille
622 2850 729 2934 igitur
739 2850 800 2935 qui
809 2851 959 2913 haberet
968 2847 1135 2911 maiorem

151 2954 381 3038 prudenciam
409 2956 453 3019 ad
481 2957 677 3019 cavendum
704 2953 909 3038 periculum,
937 2961 977 3016 ut
1003 2953 1137 3014 habent

109 3068 140 3119 25
153 3058 326 3142 episcopi,
363 3060 476 3142 magis
518 3060 614 3124 licite
658 3067 855 3124 assumeret
896 3059 986 3120 hanc
1029 3057 1138 3120 vitam

151 3163 379 3227 honorificam
402 3163 610 3228 dominandi
642 3164 715 3227 Per
735 3166 829 3227 hunc
851 3162 971 3225 fucum
995 3161 1137 3225 conclu·

153 3268 247 3331 ditur
274 3270 370 3351 quod
399 3268 773 3333 convenientissimum
806 3274 862 3331 est
891 3265 1040 3330 clericos
1063 3265 1139 3328 bel·

152 3374 236 3453 lare,
269 3373 413 3437 uxorari
444 3383 481 3439 et
513 3373 708 3457 quemlibet
739 3381 868 3437 statum
899 3370 1140 3455 periculosum

154 3497 344 3561 assumere,
369 3498 447 3542 cum
470 3478 584 3543 virtus
608 3477 773 3542 consistit
796 3477 891 3541 circa
913 3475 1065 3539 difficile.

112 3592 145 3643 30
199 3582 271 3648 Sed
309 3583 424 3666 primo
466 3585 555 3648 tollo
599 3582 702 3647 istam
743 3581 957 3660 versuciam3
1000 3587 1140 3643 constat

155 3687 296 3770 quidem
320 3689 418 3770 quod
450 3690 558 3752 multa
585 3695 668 3751 sunt
690 3686 795 3765 licita,
824 3705 895 3769 que
918 3691 1070 3768 propter
1091 3682 1141 3746 in·

153 3791 387 3856 ferioritatem
403 3812 500 3856 suam
525 3800 608 3856 sunt
622 3790 835 3855 Antichristi
858 3789 997 3854 clericis
1019 3787 1142 3864 aliena,

156 3895 207 3959 sic
232 3897 329 3978 quod
360 3895 430 3978 ipsi
460 3903 653 3980 peccarent
684 3894 851 3978 graviter,
885 3893 1028 3957 dimissa
1059 3911 1142 3974 ope·

155 4001 299 4065 racione
317 4000 438 4082 nobili,
459 3999 664 4083 operacioni
681 3999 832 4082 ignobili
850 3997 1081 4076 intendendo,
1107 4004 1144 4060 et

115 4105 208 4169 assic
246 4113 396 4189 propter
431 4104 697 4188 perfeccionem
734 4111 847 4168 status
884 4102 979 4167 foret
1014 4101 1143 4185 turpis·

210 4363 232 4403 9.
247 4348 336 4392 eodo:
351 4345 526 4404 defendendum.

1184 2548 1272 2610 llereay
1285 2546 1314 2609 ps

1171 2601 1324 2655 maintarnmg

1166 2652 1329 2748 ‘lttttltr

1171 2757 1324 2871 quilicicfi'effioeby

1193 2861 1302 2905 wradom.
