3008 5026
199 367 274 413 cna.
294 352 356 440 κη]
501 372 545 422 oss
564 370 776 423 POTESTATE
794 371 893 422 ΡΑΡΕ.

199 527 391 591 omissione
414 547 509 611 pape
533 535 569 591 et
590 527 626 590 in
650 526 726 590 eius
743 526 957 610 operacione
973 527 1186 609 apostolica;

200 632 341 716 quando
365 631 478 717 magis
502 632 651 715 copiose
675 640 711 695 et
734 639 870 695 attente
894 629 1078 695 influeret?
1113 630 1188 696 Sed

199 739 329 801 nedum
354 739 455 801 abest
479 757 498 801 a
520 737 623 802 nobis
643 737 724 801 talis
741 735 1030 820 experimentalis
1046 736 1188 814 noticia,

199 841 265 904 sed
287 842 565 925 propinquiores
595 841 677 905 huic
709 839 800 904 fonti
833 849 915 904 sunt
937 838 1050 923 magis
1078 838 1188 903 aDei

174 945 425 1014 §instinctibus
449 945 563 1028 alieni,
591 965 675 1029 ymo
701 965 779 1008 cum
802 964 896 1028 papa
919 944 965 1007 sit
989 946 1115 1007 crebro
1139 943 1188 1006 in-

199 1049 314 1114 fidelis
338 1052 396 1114 vel
420 1070 553 1134 expers
577 1051 751 1113 donorum
774 1049 844 1112 Dei
876 1069 979 1132 quam
1008 1048 1084 1112 eius
1107 1050 1188 1111 sub·

198 1154 262 1218 diti
299 1155 411 1239 magis
452 1155 576 1233 sancti,
618 1154 762 1218 videtur
802 1155 900 1236 quod
938 1172 1010 1216 non
1043 1159 1190 1235 oportet

196 1260 409 1342 regulariter
430 1261 524 1324 hunc
547 1261 660 1324 solem
684 1258 924 1341 eclipsabilem
947 1257 997 1322 sic
1020 1257 1056 1321 in
1080 1276 1187 1339 quos·

198 1383 348 1447 cumque
386 1364 573 1428 lucidiores
612 1363 722 1427 eciam
759 1363 841 1444 plus
878 1364 1107 1426 tenebrosum
1138 1361 1186 1424 in·

156 1467 320 1536 rofluere.

240 1572 318 1637 Nec
341 1574 438 1636 valet
461 1572 580 1636 dicere
605 1572 699 1654 quod
726 1591 821 1654 papa
837 1571 897 1634 dat
911 1571 1079 1648 habitum,
1103 1569 1185 1653 quia
1221 1580 1272 1626 Nor
1286 1594 1329 1625 can
1346 1583 1374 1626 ue

197 1677 248 1741 sic
282 1679 491 1741 extolleretur
521 1695 626 1759 super
664 1694 765 1740 omne
804 1678 895 1757 quod
924 1676 1052 1739 dicitur
1082 1634 1405 1756 Deus,re1⁰a⁸iii›ii'i'e'nieen

198 1783 284 1844 dans
316 1790 639 1864 quantumcumque
671 1780 843 1844 distanter
875 1781 985 1843 eciam
1021 1778 1186 1862 personis
1205 1739 1258 1783 G⁰d
1275 1740 1320 1784 Μ
1336 1753 1398 1784 '⁰⁸¹¹'

197 1885 279 1949 Deo
310 1886 466 1969 indignis
504 1885 697 1968 spiritualia
737 1887 830 1949 dona
862 1885 943 1962 Dei,
982 1884 1064 1967 quia
1102 1882 1187 1966 quid

157 1990 438 2073 15blasphemius
470 1992 529 2053 vel
561 1990 737 2053 infidelius
778 2009 882 2072 quarn
914 1989 1012 2072 quod
1045 1994 1188 2071 oportet

197 2094 316 2159 Deum
333 2115 412 2158 cum
429 2095 523 2158 omni
539 2095 599 2159 tali
620 2114 831 2158 concurrere
856 2094 1069 2176 complendo
1094 2091 1186 2174 quic-

198 2198 284 2282 quid
321 2199 534 2282 promiserit.
580 2199 686 2263 Unde
725 2199 755 2262 si
785 2198 927 2263 habitus
958 2197 1017 2261 vel
1055 2197 1187 2259 donum

198 2304 380 2387 spirituale
395 2304 466 2368 Dei
487 2304 657 2387 quiescat,
681 2303 729 2367 sic
747 2302 845 2386 quod
865 2323 913 2365 ex
935 2300 1070 2365 influxu
1093 2318 1187 2383 pape

196 2407 232 2471 in
255 2408 404 2472 animam
427 2409 580 2472 subiecti
603 2428 780 2492 quemque
803 2406 989 2471 inclinaret
1012 2406 1056 2469 ad
1083 2423 1186 2487 opuS,

152 2544 185 2581 20
199 2515 296 2596 quod
314 2534 384 2577 non
394 2514 589 2597 experitur
605 2512 765 2594 ecclesia,
789 2513 854 2576 sed
871 2512 947 2575 eius
964 2509 1186 2588 contrarium,

198 2625 282 2681 tunc
317 2618 409 2681 enim
442 2621 590 2683 deesset
611 2619 721 2682 Petro
755 2626 792 2681 et
823 2617 898 2681 aliis
931 2615 1105 2698 apostolis
1137 2613 1187 2677 in·

197 2720 348 2786 fluencia
363 2724 421 2786 illa
437 2743 591 2801 cesarea,
608 2731 644 2785 et
661 2742 783 2785 cesare
796 2721 998 2785 excedente
1010 2719 1186 2783 Christum

198 2833 235 2888 et
258 2825 334 2890 eius
355 2825 523 2890 vicarium
548 2827 872 2909 correspondenter
895 2827 939 2888 ad
964 2824 1187 2888 dotacionem

196 2932 255 2993 vel
278 2930 366 2994 ritus
391 2950 567 3010 cesareos,
592 2939 772 2995 cresceret
796 2931 853 2993 vel
876 2932 1103 2993 decresceret
1126 2946 1186 3010 po·

154 3043 308 3105 25testas
331 3035 447 3100 taliter
470 3035 649 3099 influendi.

239 3139 296 3203 Ex
320 3139 414 3203 mille
438 3140 633 3205 evidenciis
656 3149 758 3223 patet
788 3141 886 3222 quod
918 3137 1023 3201 nichil
1057 3136 1184 3200 estin·
1208 3148 1387 3212 Tneenaqwee

105 3261 169 3328 241⁸
195 3245 335 3309 tidelius
358 3246 428 3310 isto
452 3246 655 3329 porismate,
684 3247 781 3328 quod
803 3252 889 3328 post
917 3244 962 3306 do
984 3241 988 3328 Ι
1008 3241 1184 3306 tacionem
1226 3215 1366 3300 aiiriiri'o.

197 3350 350 3414 ecclesia
372 3370 444 3414 non
466 3359 591 3434 potest
613 3351 680 3414 rite
704 3350 902 3433 procedere
924 3348 999 3411 sine
1016 3346 1076 3411 tali
1091 3366 1186 3430 papa

198 3474 354 3520 cesareo.
391 3453 508 3518 Nichil
533 3455 624 3517 enim
648 3455 730 3537 plus
754 3461 938 3517 accusaret
961 3451 1186 3515 dotacionam

154 3561 255 3629 30vel
279 3567 386 3642 caput
401 3558 601 3623 huiusmodi
618 3560 663 3621 de
680 3557 950 3622 condicionibus
966 3555 1185 3634 Antichristi,

197 3664 294 3746 quod
317 3664 410 3728 foret
432 3665 667 3728 abhominaclo
691 3663 925 3738 desolacionis,
948 3667 1045 3725 stares
1062 3662 1098 3722 in
1115 3663 1186 3724 loco

195 3774 322 3844 sonclo,
350 3777 390 3832 ut
414 3769 618 3852 expositum
643 3777 699 3832 est
720 3769 755 3831 in
779 3767 849 3829 fine
872 3766 956 3830 noni
980 3764 1124 3848 capituli
1149 3772 1186 3827 et

196 3874 391 3937 concordat
406 3872 659 3957 Crysostomus
676 3871 812 3936 Omelia
836 3870 957 3934 ultima
973 3868 1103 3952 Operis
1119 3868 1185 3931 Im-

196 3977 356 4060 perfecti.
394 3978 467 4042 Pro
500 3978 599 4042 cuius
624 3997 751 4041 sensus
776 3976 1020 4040 declaracione
1044 3981 1185 4056 repeto,

249 4234 269 4279 l.
282 4232 358 4278 Codd.
369 4235 392 4277 in
404 4247 492 4289 marg.:
508 4234 569 4277 Fons
577 4245 649 4289 pepo.
705 4245 725 4288 7.
739 4232 812 4276 Codd.
824 4232 848 4275 in
859 4243 946 4287 marp:
957 4231 1005 4273 Sol,
1062 4229 1096 4274 31.
1109 4230 1184 4275 Codd.

197 4304 219 4348 in
235 4317 321 4361 marg:
337 4305 504 4348 Allrominaer'o
519 4304 683 4348 desolacionis.
739 4303 775 4347 32.
793 4303 821 4345 ll:
837 4307 860 4344 et
873 4303 1001 4356 expositum
1016 4308 1056 4345 ert.

248 4403 279 4440 De
290 4402 403 4441 somme
415 4404 481 4446 Papa.
1049 4407 1077 4442 21
