3008 5026
198 420 266 466 cte
285 404 339 495 tu]
496 425 540 476 oa
559 423 771 476 eorasmra
790 424 889 475 mea.

197 603 306 660 mare;
339 591 423 647 tunc
457 582 548 645 enim
579 582 699 644 forent
731 584 908 646 electores
932 582 1184 665 inpeccabiles,

197 710 277 751 cum
308 689 343 751 in
368 689 534 774 eligendo
559 687 695 751 facilius
719 708 836 751 errare
864 697 1069 769 potuerunt.
1107 688 1184 752 Nec

196 804 280 858 tunc
305 792 469 856 convinci
491 792 625 876 poterit
648 812 747 855 error
771 793 962 855 eleccionis
990 813 1057 856 nec
1087 803 1184 857 esset

198 899 273 962 eius
307 897 531 961 confirmacio
565 899 608 959 ab
642 896 781 959 homine
821 898 1054 980 expectanda.
1095 899 1182 961 Ideo
1207 907 1387 1006 ²¹²⁰¹2sst⁰t¹⁶¹¹

171 1004 304 1068 §nichil
336 1003 431 1065 fideli
464 1002 589 1065 nocius
621 1022 724 1084 quam
760 1004 857 1084 quod
883 1003 919 1064 in
943 1002 1184 1065 eleccionibus
1312 996 1316 1006 ’

195 1108 395 1171 huiusmodi
424 1107 600 1189 contingit
623 1126 739 1169 errare
763 1106 938 1184 crebrius;
963 1109 1058 1190 quod
1080 1127 1182 1193 regu·

195 1214 315 1277 lariter
348 1211 533 1294 contingit,
565 1213 707 1294 quando
741 1214 918 1275 electores
947 1212 1084 1297 eligunt
1107 1231 1183 1294 per·

198 1339 319 1381 sonam
352 1337 457 1400 quam
490 1316 590 1379 Deus
624 1336 695 1379 non
730 1319 906 1399 approbat
934 1318 992 1378 vel
1024 1317 1183 1380 habilitat

197 1425 240 1485 ad
272 1424 343 1485 tale
381 1420 547 1483 officium.
585 1420 632 1483 Et
663 1421 730 1483 hec
762 1421 855 1483 racio
888 1440 997 1503 quare
1030 1423 1183 1504 apostoli

157 1553 185 1584 10
197 1526 384 1609 elegerunt
400 1525 567 1588 Mathiam
584 1546 649 1607 per
665 1534 807 1605 sortem,
824 1536 863 1589 ut
879 1536 983 1609 patet
992 1527 1145 1590 Actuum
1157 1528 1183 1594 Ι.
1193 1538 1288 1634 0123
1307 1541 1398 1635 osittffisu

195 1631 267 1694 Ubi
283 1640 366 1694 sunt
380 1632 534 1694 notanda
549 1630 716 1712 misteria,
733 1631 846 1713 primo
858 1633 1038 1713 quomodo
1054 1632 1182 1694 beatus
1255 1644 1284 1700 br
1299 1645 1338 1687 lot·

196 1737 325 1799 Petrus
350 1756 395 1798 ex
419 1735 479 1797 illo
496 1735 637 1797 Psalmo
656 1734 786 1814 CVIII,
811 1740 829 1798 8
855 1739 1084 1817 episcopatum
1110 1739 1183 1800 eius

194 1843 341 1922 accipio!
375 1843 461 1902 aller
498 1840 679 1903 concludit
719 1841 815 1922 quod
854 1849 999 1922 oportet
1036 1861 1082 1903 ex
1115 1841 1182 1904 hiis

195 1946 288 2024 viris,
320 1946 380 2027 qui
403 1945 568 2008 viderunt
596 1944 910 2007 conversacionem
935 1948 1180 2027 apostolorum

155 2069 273 2116 15cum
297 2049 449 2128 Christo,
483 2069 587 2112 unum
619 2048 754 2112 Institui
785 2051 865 2110 loco
897 2050 987 2128 Jude
1022 2060 1067 2124 et,
1100 2050 1182 2131 quia

194 2156 347 2218 nondum
364 2156 564 2217 habuerunt
579 2154 841 2216 revelacionem
861 2155 904 2216 de
921 2174 1085 2236 persona,
1099 2175 1181 2218 con·

193 2259 385 2324 stituerunt
416 2261 506 2323 duos
540 2260 621 2341 plus
651 2259 789 2321 habiles
818 2258 954 2322 scilicet
985 2259 1179 2322 Barsabam

105 2377 164 2445 177b
193 2376 230 2427 et
261 2365 427 2428 Mathiam
448 2367 452 2450 l
471 2413 479 2446 ‚
499 2364 743 2447 relinquentes
767 2364 886 2427 divino
910 2364 1039 2427 iudicio
1074 2386 1178 2447 quem

192 2470 330 2533 illorum
362 2471 517 2532 voluerit
548 2491 614 2551 per
646 2479 778 2532 sortem
811 2471 1002 2532 ostendere
1027 2471 1177 2534 electum

149 2605 182 2638 ιι»
192 2594 305 2656 penes
330 2596 423 2648 eum;
448 2575 546 2638 cuius
563 2575 706 2637 arbitrio
724 2583 871 2656 oportet
886 2575 920 2636 in
938 2574 1178 2639 eleccionibus

192 2681 275 2742 dare
306 2681 422 2744 fidem.
459 2678 565 2742 Unde
597 2679 742 2761 triginta
775 2680 952 2742 electores
984 2689 1178 2761 sequentes

193 2785 360 2846 dixerunt
392 2785 503 2845 verba
535 2784 706 2847 notabilia
744 2804 833 2866 sepe
866 2784 960 2846 dicte
996 2786 1177 2848 sentencie

192 2889 410 2971 expressiva.
441 2888 484 2950 Tu
510 2888 664 2968 Domine,
687 2889 858 2971 inquiunt,
883 2891 940 2971 qni
963 2892 1050 2952 nostr·
1071 2895 1177 2955 corda

189 2995 375 3071 lominum,
407 2995 541 3056 ostende
573 3012 669 3074 quem
704 2997 845 3074 elegeris
886 3014 924 3056 ex
950 2996 1017 3057 lu'is
1048 2998 1178 3060 dnobus

147 3112 296 3161 afirrnum
320 3100 473 3179 accipere
504 3100 615 3160 locum
640 3100 826 3161 inlitislcrir‘
848 3101 957 3175 lulius,
992 3100 1051 3162 ubi
1078 3111 1177 3183 patet

190 3205 286 3286 quod
319 3211 465 3284 oportet
487 3201 605 3265 Deum
638 3204 771 3286 eligere
805 3213 842 3267 et
870 3207 1065 3268 secundum
1089 3206 1176 3269 alios

188 3310 276 3372 ritus
310 3310 486 3391 eligentes
509 3311 613 3372 valde
640 3310 837 3392 ecquivoce
867 3311 1083 3373 eleccionem
1105 3312 1175 3374 Dei

188 3414 340 3477 fideliter
377 3417 614 3496 promulgare,
655 3415 736 3477 ideo
776 3416 870 3498 dicit,
910 3419 1044 3480 ostende
1077 3436 1174 3498 quem

189 3520 330 3599 elegerr's
352 3539 422 3581 non
447 3520 492 3581 ad
516 3519 724 3599 dignitatem
748 3522 812 3583 sed
835 3521 1075 3585 ministerium.

147 3636 179 3685 30
232 3619 305 3684 Sed
329 3621 440 3684 tercio
466 3622 627 3695 obicitur,
662 3643 739 3685 cum
764 3625 897 3687 eleccio
922 3635 1043 3688 nostra
1067 3627 1176 3688 debet

189 3726 381 3808 exemplari
414 3735 450 3788 et
481 3727 667 3789 autorizari
701 3729 744 3789 ab
778 3730 961 3810 apostolis,
995 3750 1014 3792 a
1046 3730 1174 3812 quibus

187 3830 356 3895 trahimus
388 3831 477 3894 ritus
510 3831 607 3908 alioS,
640 3831 781 3895 videtur
813 3835 909 3915 quod
943 3836 1115 3897 debemus
1139 3834 1171 3897 in

187 3935 318 3998 nostris
342 3935 581 3999 eleccionibus
597 3936 700 4018 sequi
715 3936 805 4016 illos,
829 3958 907 4001 nam
927 3938 1039 4019 magis
1056 3948 1172 4001 auten·

240 4126 261 4178 o,
277 4136 297 4179 7.
309 4126 336 4167 ll:
352 4125 530 4180 irregulariter.
585 4129 605 4170 8,
622 4127 710 4170 codd:
726 4125 847 4169 lturnilr'tat.
895 4139 928 4170 12.
944 4126 1034 4169 Petrus.
1050 4125 1172 4169 Codd.:1›.

190 4206 222 4248 ¹7-
243 4194 331 4237 Codd.:
354 4194 458 4237 humiles.
539 4196 575 4241 al.
600 4209 636 4248 ²4·
656 4195 736 4239 Recte:
762 4198 835 4239 corda
858 4197 965 4240 omnium.
1037 4196 1073 4241 30.
1102 4199 1122 4240 Α
1149 4197 1172 4239 lu

186 4275 271 4318 marga
287 4277 311 4318 3.

243 4384 279 4421 12.
299 4375 356 4423 Act.
375 4373 394 4434 l,
415 4387 455 4421 ro.
529 4373 569 4426 23.
588 4377 645 4424 Act.
665 4375 682 4440 l,
703 4386 743 4440 24,
764 4374 803 4425 25.
