3008 5026
202 1314 223 1345 2.
240 1302 324 1344 l'clcr's

206 1354 321 1409 humility.

711 406 879 457 Jounxms
899 407 1036 456 uuella
1222 384 1304 473 [cru.
1330 400 1367 444 nr

378 561 520 635 sterilis
545 562 690 644 signans
713 583 946 645 synagogam,
971 572 1086 626 tamen
1110 562 1209 645 prius
1226 561 1368 645 plenius

377 666 537 731 introivit
569 667 751 750 copiosius
787 670 829 730 ad
863 669 1078 730 credendum
1110 667 1147 729 in
1180 667 1368 731 Christum.

378 772 450 834 Per
472 771 619 835 tercium
648 792 736 834 vero
761 772 921 856 signatur
951 772 1148 854 anagogice
1174 773 1272 855 quod
1297 771 1368 835 imi·

379 885 513 939 tatores
537 876 635 939 Petri
664 887 701 940 et
724 878 925 960 specialiter
948 887 1122 959 martyres
1145 876 1180 939 in
1204 897 1369 940 sermone

378 980 463 1044 fidei
479 981 581 1045 citius
598 980 760 1065 veniuntl
774 983 818 1045 ad
834 982 1011 1046 Christum
1028 992 1180 1046 stantem
1196 981 1232 1044 in
1247 981 1369 1044 littore
1401 987 1459 1052 175·

379 1085 575 1149 eternitatis
589 1107 692 1169 quam
709 1086 767 1149 alii
783 1086 936 1168 navigio,
954 1087 1013 1169 qui
1030 1097 1105 1149 arte
1123 1086 1369 1149 confessorum

379 1191 574 1271 prudenter
598 1201 734 1255 certant
757 1190 816 1253 diu
839 1191 874 1253 in
897 1190 971 1254 vita
994 1211 1072 1253 cum
1095 1189 1267 1254 hostibus.

424 1294 601 1375 Quantum
625 1295 668 1357 ad
692 1297 882 1358 secundam
899 1295 1066 1358 virtutem
1087 1314 1158 1376 que
1183 1305 1237 1359 est
1259 1295 1369 1357 humi-

379 1397 469 1470 litas,
508 1408 607 1481 patet
646 1401 742 1482 quod
780 1419 929 1463 necesse
969 1410 1024 1463 est
1056 1408 1253 1462 cementem
1286 1399 1370 1461 fidei

380 1503 546 1586 coniungi
562 1503 670 1586 lapidi
687 1505 729 1567 ad
746 1504 1054 1568 constructionem
1070 1503 1214 1566 celestis
1231 1503 1369 1583 edificii,
1385 1526 1414 1560 ιο

379 1608 474 1669 unde
490 1607 597 1672 Math.
613 1607 753 1683 XVIII,
775 1630 798 1684 1,
817 1629 844 1686 2,
868 1609 1009 1690 quando
1026 1617 1121 1669 mota
1137 1615 1193 1670 est
1215 1607 1369 1690 questio,

379 1711 458 1793 quis
482 1714 598 1775 maior
621 1719 668 1776 est
691 1714 726 1776 in
751 1727 855 1794 regno
879 1715 1029 1776 celorum
1057 1711 1226 1794 magister
1250 1712 1369 1774 decre-

378 1824 488 1895 verat,
511 1818 610 1898 quod
624 1821 793 1899 parvulus
809 1817 844 1881 in
860 1828 979 1881 mente
995 1817 1172 1887 humilior;
1189 1815 1272 1878 ideo
1291 1836 1370 1878 cum

379 1919 507 1984 Petrus
540 1921 585 1984 sit
609 1933 693 2004 post
717 1922 892 1985 Christum
916 1922 1181 1984 fundamentum
1209 1921 1370 1997 ecclesie,

379 2045 528 2088 necesse
554 2035 610 2090 est
633 2028 730 2109 quod
754 2027 800 2090 sit
818 2028 1080 2109 quodammodo
1104 2024 1272 2088 fratribus
1296 2025 1369 2087 suis
1384 2034 1411 2085 15

379 2129 549 2194 humilior.
573 2131 619 2193 Et
646 2130 748 2193 istam
771 2131 967 2193 leccionem
991 2130 1191 2193 didicerunt
1215 2129 1370 2211 apostoli

379 2255 399 2297 a
427 2233 597 2316 magistro
625 2233 731 2297 Math.
759 2233 825 2315 XI,
855 2255 910 2314 29:
943 2235 1079 2308 Discite,
1111 2232 1235 2315 inquit,
1258 2252 1281 2295 a
1304 2251 1370 2308 me,

379 2342 461 2419 qm'u
493 2341 586 2402 mitis
616 2359 695 2402 sum
728 2346 757 2402 et
787 2341 930 2403 hmnih's
961 2340 1072 2414 corde,
1111 2336 1209 2419 quod
1239 2336 1369 2400 Petrus

380 2442 462 2524 quia
495 2443 690 2506 eminenter
722 2444 893 2507 didicerat
926 2443 1140 2506 constitutus
1169 2451 1225 2504 est
1247 2441 1368 2504 funda·

381 2557 536 2610 mentum
547 2548 696 2630 primum
708 2548 801 2612 inter
811 2549 1010 2631 apostolos;
1034 2548 1127 2608 unde
1143 2547 1369 2628 Augustinus
1381 2573 1413 2607 20

379 2651 414 2713 in
439 2654 490 2714 De
515 2650 645 2715 Verbis
669 2652 812 2716 Domini
836 2651 1009 2716 Sermone
1033 2650 1085 2713 X:
1115 2651 1241 2715 Dr'scite
1269 2672 1292 2714 a
1316 2671 1370 2715 me

380 2775 447 2819 non
473 2760 640 2819 tumulum
655 2756 848 2836 fabricare,
871 2775 938 2819 non
959 2776 1088 2836 creare,
1111 2775 1178 2818 non
1195 2757 1370 2818 miracula

386 2861 511 2937 fricare,
535 2880 594 2923 nec
617 2868 771 2925 mortuos
792 2864 969 2941 suscitare,
997 2863 1057 2924 sed
1084 2861 1247 2940 quonium
1275 2861 1371 2922 milis

379 2985 457 3028 sum
482 2972 511 3028 el
532 2968 681 3029 Ιιιιικὶίὶε4
697 2969 806 3030 corde.
840 2966 1008 3047 Quamvis
1032 2975 1148 3029 autem
1173 2964 1274 3027 istam
1298 2966 1368 3027 lec-

380 3069 520 3132 cionem
545 3072 712 3134 convenit
736 3081 772 3134 et
788 3080 933 3152 oportet
948 3070 1144 3153 quemlibet
1163 3070 1370 3132 salvandum
1382 3081 1411 3130 25

380 3175 577 3249 advertere,
610 3185 756 3257 oportet
779 3186 895 3239 tamen
918 3176 1073 3254 Petrum,
1101 3175 1130 3238 si
1155 3175 1267 3237 debet
1289 3193 1370 3237 esse

380 3278 645 3342 fundamentum
684 3283 899 3344 substratum
923 3280 1007 3361 aliis,
1040 3278 1251 3363 profundius
1276 3278 1369 3341 illam

381 3402 612 3467 cognoscere,
641 3394 786 3465 oportet
811 3384 903 3446 enim
926 3385 1191 3447 fundamentum
1216 3382 1370 3447 ecclesie

381 3507 461 3550 esse
488 3487 727 3566 humillimum,
755 3487 837 3570 quia
866 3488 966 3550 aliter
989 3497 1085 3551 tanta
1111 3488 1246 3550 fabrica
1270 3487 1370 3550 cuius

379 3590 509 3654 fundus
542 3591 577 3653 in
609 3601 703 3654 terra
735 3591 872 3674 capitur
904 3601 941 3654 et
974 3612 1144 3654 cacumen
1186 3611 1300 3674 usque
1326 3593 1370 3654 ad
1382 3601 1413 3649 30

380 3716 552 3758 summum
581 3697 694 3758 celum
726 3697 874 3780 erigitur
897 3718 968 3760 non
993 3697 1101 3760 stabit
1125 3696 1290 3776 solidum3
1323 3696 1369 3759 fa·

380 3800 478 3863 brica
509 3799 618 3883 igitur
640 3809 711 3864 tarn
736 3801 854 3883 gravis
878 3801 912 3863 in
940 3801 1098 3864 moribus
1120 3799 1272 3883 requirit
1294 3799 1369 3863 fun·

434 4078 457 4117 ὃ.
472 4076 513 4119 ΑΒ
533 4076 555 4118 iu
576 4088 662 4130 marg:
683 4076 815 4119 Humilitas.
876 4091 898 4132 q.
919 4077 948 4119 B:
968 4081 1106 4139 cerrecqtcm.
1170 4089 1202 4128 14.
1221 4076 1265 4127 sit;
1284 4075 1313 4118 h:
1328 4076 1369 4129 ‚lit

384 4146 417 4190 18.
433 4148 453 4189 Α
469 4145 492 4188 in
509 4157 595 4199 marg:
611 4145 792 4190 Fundamentum
806 4147 903 4190 ecclesie
915 4146 1031 4202 quomodo
1046 4146 1133 4190 dicitur
1142 4145 1232 4190 Petrus.
1289 4158 1323 4190 21.
1340 4146 1368 4189 B:

381 4217 404 4259 in
419 4217 491 4259 deest.

436 4358 475 4393 21.
497 4342 536 4394 Cf.
555 4344 591 4391 St.
611 4342 751 4400 Augustini
771 4343 840 4407 Opp.
860 4352 923 4393 tom.
943 4343 973 4399 V,
998 4341 1069 4391 1688.
