3008 5026
177 378 238 437 30²
721 367 893 420 JOHANNJS
913 366 1059 418 wreus
1251 348 1335 438 [cae.
1353 365 1388 409 xr

217 542 349 604 pungeres
393 525 494 590 Licet
526 525 618 589 enim
652 533 803 608 possent
833 525 900 586 hec
932 523 1073 587 nomina
1104 544 1188 588 sane
1221 523 1386 607 intelligi,

211 596 349 691 ⁰⁸iiiieif¹⁶h
393 629 516 692 mirum
540 638 596 694 est
621 638 739 693 tamen
767 630 946 711 quomodo
974 628 1205 711 posteriores
1237 629 1387 712 peiores

392 733 581 816 prioribus,
604 735 675 798 tale
699 753 825 796 nomen
850 732 1075 815 singulariter
1097 733 1166 797 sibi
1188 733 1388 797 vendicant

391 837 467 900 sine
498 836 630 915 fructu;
665 836 795 901 etenim
823 856 911 900 onus
949 835 1102 917 nimium,
1140 836 1224 901 licet
1257 857 1387 901 omnes

392 943 481 1004 tales
505 941 668 1024 episcopi
692 948 919 1023 comportent
943 948 979 1003 et
1004 942 1171 1023 regulent
1194 942 1411 1005 ecclesiam5

393 1045 568 1108 communi
584 1045 731 1109 concilio
750 1045 842 1108 sicut
861 1044 954 1110 olim.
978 1045 1025 1108 Et
1040 1054 1149 1127 patet,
1174 1047 1270 1127 quod
1288 1048 1386 1110 nuda

392 1159 448 1215 est
469 1150 537 1214 ista
560 1150 711 1233 argucia,
737 1148 933 1232 Gregorius
956 1151 1015 1211 vel
1038 1149 1124 1212 alius
1145 1157 1290 1213 sanctus
1306 1149 1384 1214 Ro·

391 1274 516 1318 manus
540 1253 731 1337 episcopus
754 1252 821 1317 fuit
843 1254 1046 1336 precellens
1069 1274 1134 1336 pre
1158 1253 1242 1324 aliis,
1270 1254 1386 1337 igitur

390 1378 456 1442 per
477 1358 571 1422 idem
595 1368 631 1422 et
653 1357 802 1440 quilibet
817 1358 1003 1420 Romanus
1019 1356 1195 1439 pontifex.
1215 1357 1386 1422 Variatur

392 1462 484 1525 enim
516 1465 624 1528 stulta
656 1461 803 1527 affeccio
833 1462 1023 1545 dignitatis.
1056 1461 1211 1527 Stultum
1235 1462 1385 1544 quidem
1400 1487 1429 1521 ιο

392 1576 447 1631 est
470 1587 649 1631 assumere
668 1587 796 1630 nomen
813 1566 951 1647 Christi,
974 1577 1013 1631 ut
1028 1567 1264 1644 Bernhardus‚
1288 1565 1384 1650 Lyn-

391 1671 583 1735 colniensis
599 1680 634 1736 et
649 1672 862 1753 Jeronymus
887 1671 1093 1734 describunt
1115 1670 1191 1734 sine
1214 1671 1386 1753 possibili

391 1777 713 1859 correspondencia
745 1775 934 1862 dignitatis.
974 1777 1074 1839 Idem
1107 1776 1199 1839 enim
1228 1784 1285 1839 est
1310 1779 1383 1839 hoc

390 1879 512 1943 facere
546 1889 584 1944 et
614 1900 772 1963 symeam
803 1881 847 1943 ad
880 1901 1050 1944 summum
1081 1899 1210 1963 repere
1234 1889 1274 1943 ut
1296 1900 1383 1962 pro·

389 1984 531 2048 fundius
555 1994 593 2048 et
615 1985 758 2068 gravius
781 2005 935 2068 preceps
957 1993 1046 2050 ruat.
1399 1995 1426 2044 15

186 2104 367 2149 nanuum
434 2089 507 2154 Sed
540 2100 663 2154 contra
685 2090 753 2154 ista
776 2090 934 2172 arguitur
957 2110 1023 2173 per
1043 2091 1123 2172 hoc,
1156 2087 1253 2171 quod
1281 2096 1384 2152 totus

187 2157 362 2252 'hishiifiiihy
390 2193 458 2257 iste
491 2193 579 2256 ordo
613 2213 777 2257 cesareus
800 2194 942 2257 videtur
965 2213 1045 2258 esse
1079 2194 1122 2256 ad
1148 2195 1319 2256 honorem
1345 2201 1385 2255 et

186 2261 368 2357 nongffirglg'ne
390 2297 577 2362 utilitatem
601 2298 753 2361 ecclesie
775 2298 895 2361 matris
919 2306 1050 2381 sancte,
1081 2317 1154 2361 non
1185 2297 1296 2379 igitur
1320 2297 1382 2358 de·

390 2403 598 2466 struendum
631 2411 687 2466 est
718 2411 788 2465 tam
818 2401 904 2464 utile
938 2410 975 2465 et
1005 2411 1141 2465 tantum
1173 2399 1309 2464 faciens
1336 2400 1384 2463 ad

388 2508 561 2569 honorem
587 2505 749 2586 ecclesie,
765 2504 948 2588 potissime
970 2526 1048 2568 cum
1066 2505 1224 2568 nescitur
1246 2502 1383 2586 quibus
1396 2529 1428 2564 πο

389 2612 582 2693 prodesset
591 2610 666 2673 eius
677 2609 890 2690 destruccio,
908 2617 945 2673 et
955 2611 1048 2673 nulla
1057 2628 1211 2692 persona
1224 2608 1382 2672 ecclesie

390 2724 445 2778 est
467 2713 668 2796 improvide
691 2712 879 2795 punienda.

431 2819 665 2900 Assumptum
688 2817 830 2880 videtur
852 2836 898 2880 ex
921 2818 988 2880 hoc
1021 2818 1128 2899 quod,
1161 2816 1229 2881 etsi
1251 2836 1382 2880 omnes

390 2922 502 2985 dotati
538 2922 657 2986 forent
694 2922 907 3005 dampnandi
945 2942 991 2985 ex
1025 2921 1223 3002 dotacione,
1261 2923 1382 2985 adhuc

389 3026 529 3090 dotacio
561 3027 657 3090 foret
680 3028 723 3090 ad
745 3027 915 3090 honorem
940 3036 976 3090 et
998 3026 1184 3090 utilitatem
1211 3026 1424 3108 ecclesie,25

388 3131 496 3216 igitur
527 3134 636 3195 multo
669 3132 781 3216 magis
814 3131 930 3195 multis
962 3131 1126 3213 personis
1152 3130 1233 3194 hinc
1260 3130 1380 3194 altrin-

389 3255 493 3298 secus
517 3236 734 3299 merentibus
763 3246 800 3300 et
822 3236 976 3299 salvatis.
1013 3237 1248 3318 Assumptum
1274 3244 1382 3318 patet

388 3359 434 3402 ex
466 3342 545 3421 hoc,
578 3341 673 3423 quod
705 3350 801 3403 totus
834 3340 1068 3422 prescitorum
1097 3359 1260 3403 numerus
1284 3339 1382 3404 sicut

389 3452 425 3507 et
440 3444 554 3508 omnis
571 3447 674 3527 culpa
689 3445 850 3526 proderit
872 3465 936 3526 per
953 3444 1117 3508 accidens
1134 3453 1169 3506 et
1186 3444 1382 3509 honorabit

387 3568 569 3611 numerum
579 3550 835 3627 salvandorum,
846 3569 925 3612 nam
936 3549 1114 3631 dampnati
1126 3548 1382 3613 exercitabunt
1393 3562 1426 3612 30

386 3653 661 3734 predestinatos,
698 3653 947 3738 glorificabunt
979 3673 1101 3716 eorum
1133 3651 1300 3716 victorias
1340 3664 1381 3718 et

388 3759 517 3820 cedent
533 3757 583 3821 eis
594 3757 638 3820 ad
651 3767 876 3841 augmentum
888 3766 924 3822 et
939 3757 1117 3821 racionem
1129 3755 1132 3844 l
1144 3756 1380 3823 beatitudinis
1411 3768 1473 3822 236¹

387 3870 426 3924 ut
447 3861 504 3924 hic
528 3861 751 3944 supponitur.

438 4237 461 4277 4.
482 4224 510 4266 B:
530 4223 578 4266 sive
588 4221 703 4279 fructum.
773 4224 806 4267 16.
827 4221 901 4267 Codd.
921 4223 944 4266 in
960 4236 1045 4279 marg:
1065 4224 1230 4280 Argumentum
1241 4222 1314 4279 sorte
1330 4238 1380 4281 pro

385 4294 517 4336 delacione.
