3008 5026
697 415 867 466 Jottnrtrtts
886 415 1026 466 wrccu‘
1228 395 1369 484 [cunis.

373 573 494 655 plures
511 592 613 654 quam
637 580 720 634 sunt
736 572 897 636 catholici
919 593 965 635 ex
981 581 1083 654 parte
1100 571 1229 635 Christi
1244 572 1371 635 forent
1407 583 1413 592 ‘

371 675 544 752 infideles
565 679 569 756 Ι
591 676 673 757 quia
694 675 846 738 heretici
866 687 901 740 et
917 677 1059 740 realiter
1074 675 1277 739 antichristi.
1303 673 1369 740 Sic
1402 686 1462 736 215‘

374 790 488 844 autem
505 782 697 861 loquuntur
713 788 766 842 tot
781 780 893 843 sancti
903 781 1071 845 doctores
1088 782 1132 843 de
1149 780 1368 843 antichristis

374 897 411 948 et
432 884 600 948 hereticis
623 905 702 947 cum
724 885 805 967 lege
831 885 983 948 ecclesie
1005 895 1042 949 et
1058 885 1239 967 scriptura.
1263 884 1367 946 Alias

373 998 489 1051 autem
513 989 798 1071 signiticaciones
815 990 988 1052 somniant
1003 1000 1042 1053 ut
1056 988 1205 1053 heretici
1224 999 1261 1051 et
1278 988 1396 1051 anti-5

373 1094 495 1157 christi
518 1092 727 1156 absconsius
752 1093 974 1157 delitescant.

176 1193 345 1237 ⁰b⁰d³⁰¹¹⁶⁰i⁸
416 1197 544 1260 Tercio
572 1198 763 1260 notandum
800 1199 898 1278 quod
925 1218 1046 1260 omnes
1078 1200 1180 1280 leges
1209 1216 1279 1278 que
1315 1198 1365 1257 lo·

162 1253 203 1289 not
218 1247 300 1290 duero
315 1246 353 1289 the

155 1296 355 1393 ῐῖοᾞῶῗρξὴξῗΰὴ
373 1312 503 1383 quntur
531 1303 576 1364 de
605 1310 740 1383 papatu
764 1310 799 1364 et
823 1302 1034 1365 obediencia
1057 1302 1174 1365 fienda
1197 1303 1365 1364 Romane

160 1403 354 1498 mlfflffigt't
373 1406 524 1468 ecclesie
566 1405 865 1488 subintelligende
910 1416 991 1468 sunt
1028 1427 1106 1469 curn
1140 1405 1364 1475 condicione,

372 1512 470 1593 quod
492 1510 550 1572 illa
573 1510 725 1572 ecclesia
748 1513 1071 1592 correspondenter
1094 1512 1284 1573 adnomen
1301 1530 1412 1571 err-10

373 1615 543 1676 cellencie
560 1613 594 1676 in
612 1614 805 1677 ministerio
823 1615 927 1677 faciat
942 1634 1221 1697 recompensam.
1245 1614 1365 1676 Aliter

372 1719 463 1781 enim
498 1723 624 1782 beatus
648 1718 778 1780 Petrus
811 1740 882 1780 non
914 1719 1010 1783 foret
1033 1719 1237 1801 capitaneus
1269 1717 1365 1780 inter

372 1824 568 1904 apostolos
606 1832 645 1885 ut
668 1832 768 1904 patet
800 1842 847 1884 ex
880 1823 999 1901 dictis;
1034 1833 1071 1886 et
1102 1824 1202 1887 aliter
1234 1825 1364 1885 beatus

371 1928 587 2010 Jeronymus
617 1926 849 1990 distinccione
874 1927 941 1990 XL
970 1930 1121 2010 allegata
1150 1948 1228 1990 cum
1252 1926 1363 1989 archi·

372 2029 522 2095 diacono
540 2031 803 2094 contradiceret
819 2032 886 2095 sibi
903 2032 982 2114 ipsi.
1007 2052 1085 2094 cum
1103 2032 1202 2095 aliter
1217 2031 1363 2094 racione
1380 2043 1409 2092 15

371 2135 441 2199 loci
466 2146 503 2199 et
525 2136 610 2199 nudi
626 2137 777 2199 nominis
794 2137 1092 2200 consenciendum
1117 2137 1211 2200 soret
1225 2136 1260 2198 in
1277 2155 1363 2198 casu

371 2241 529 2323 pessimo
554 2241 765 2306 antichristo,
789 2241 891 2305 Sicut
911 2241 1002 2304 enim
1019 2241 1119 2304 Deus
1142 2261 1215 2303 non
1238 2248 1364 2322 potest

372 2345 490 2408 iacere
522 2345 699 2408 hominem
733 2348 850 2409 album
883 2346 959 2409 sine
996 2345 1170 2408 albedine.
1203 2344 1254 2407 sic
1290 2365 1363 2406 non

372 2459 494 2531 potest
531 2449 708 2512 hominem
747 2451 865 2513 facere
904 2470 1031 2532 papam
1070 2452 1129 2512 vel
1167 2451 1364 2511 membrum

373 2553 524 2616 ecclesie
561 2553 637 2615 sine
665 2555 808 2618 inducta
836 2555 958 2617 debita
985 2554 1164 2636 qualitate.
1193 2554 1238 2616 ad
1263 2554 1364 2634 quod
1377 2579 1409 2613 ιο

372 2659 473 2720 locus
506 2659 563 2719 vel
597 2659 730 2721 eleccio
763 2660 913 2721 humana
938 2670 992 2721 est
1020 2658 1261 2741 impertinens,
1294 2656 1365 2719 nisi

375 2764 419 2823 de
444 2772 576 2843 quanto
602 2773 840 2826 consentanea
869 2772 924 2826 est
953 2763 1107 2825 dominio
1135 2763 1251 2844 ipsum
1274 2781 1364 2822 vere

374 2866 562 2928 notificans
595 2869 741 2948 populo.
775 2869 872 2949 quod
896 2867 924 2929 si
947 2867 1035 2929 false
1060 2868 1272 2948 promulgat.
1306 2876 1364 2928 est

374 2990 473 3032 error
495 2971 530 3032 in
554 2970 675 3035 ianuis.

210 3069 308 3163 'gliffij
417 3075 463 3137 Et
495 3084 596 3156 patet
629 3077 672 3137 ad
707 3096 812 3157 quem
845 3095 987 3138 sensum
1020 3077 1143 3139 valent
1179 3077 1282 3157 leges
1315 3075 1407 3136 dors

184 3174 335 3228 in¹¹‘⁰s¹³¹¹⁶⁰·
374 3179 615 3243 eleccionibus
645 3189 681 3242 et
708 3180 752 3241 de
781 3182 939 3243 locorum
962 3181 1220 3261 particularium
1250 3179 1363 3261 digni-

374 3294 456 3347 tate.
490 3293 529 3345 ut
552 3283 667 3346 XXII
691 3284 939 3347 distinccione:
973 3285 1200 3348 Sacrosanctn
1225 3284 1363 3348 dicitur.

375 3389 471 3469 quod
505 3387 665 3451 Romana
698 3390 834 3452 ecclesia
868 3409 934 3452 non
973 3392 1016 3452 at>
1039 3392 1211 3472 apostolis„
1248 3391 1309 3453 sed
1341 3410 1362 3451 a

376 3491 522 3554 Domino
542 3494 738 3572 primatum
762 3493 912 3564 obtinuit,
935 3500 1062 3577 etpost
1085 3491 1182 3557 ittam
1201 3495 1361 3576 primam

373 3599 484 3659 srdrnr
501 3599 648 3659 secunda
665 3599 760 3660 sedes
775 3604 823 3661 est
838 3600 934 3680 aprrd
949 3599 1209 3674 Alexandriam,
1229 3618 1249 3661 a
1267 3601 1362 3661 beato
1376 3611 1410 3660 1³0

374 3701 496 3763 Marco
528 3706 558 3764 et
589 3703 797 3783 evangelista
830 3702 922 3766 Petri
952 3705 1119 3785 discipulo
1156 3710 1363 3782 consecrata,

374 3807 479 3870 tercia
495 3807 590 3870 sedes
605 3812 651 3869 est
674 3809 769 3888 apud
784 3807 1030 3885 Anttn'octrirnn,
1054 3810 1110 3871 nn
1129 3808 1250 3872 Petrus
1264 3814 1362 3871 ante-

427 4091 447 4135 7.
469 4081 544 4125 (tom.
565 4081 587 4124 in
609 4093 694 4136 marga
716 4080 859 4125 Otediencr'n
877 4083 972 4125 ecclesie
990 4083 1100 4127 Romane.
1155 4097 1177 4140 p.
1198 4083 1227 4126 ll:
1248 4085 1290 4126 snt
1308 4095 1365 4128 con·

373 4149 472 4193 dicione.
536 4162 570 4204 27.
592 4151 666 4193 (lodi.
689 4152 711 4194 iu
733 4164 819 4205 marg:
841 4152 918 4195 Sedes·
933 4157 1037 4206 prinlum·
1057 4153 1168 4203 Romarm,
1192 4153 1364 4210 Alexandr-tim,

374 4219 525 4269 lnttrtncena,
541 4220 809 4277 Constantinopolitano.

428 4360 470 4410 27.
489 4345 552 4411 Cap.
572 4345 601 4394 ll.
