3008 5026
168 400 236 445 cm.
252 388 302 468 u]
462 404 507 454 oc
527 402 738 454 POTESTATE
760 402 857 452 rnre.

168 561 378 625 auctoritate
394 560 587 643 Augustini
604 560 647 622 ad
663 558 913 642 inquisiciones
928 559 1083 638 Januarii
1106 559 1156 622 sic

166 666 326 749 loquitur
348 672 401 745 (ut
423 686 512 748 sepe
529 665 689 748 repecii):
717 662 845 727 Onmia
867 665 954 727 talia
977 683 1039 746 que
1054 683 1158 747 mque

166 773 424 854 seripturarum
447 777 650 835 sanctarum
666 769 925 832 auctoritatibus
947 771 1159 832 continentur

167 895 227 939 nec
258 877 293 938 in
324 877 478 939 consiliis
509 878 746 958 episcoporum
777 878 906 937 statuto
938 875 1159 937 inveniuntur

142 987 227 1043 inec
248 981 488 1043 consuetudine
503 980 710 1044 universalis
733 980 868 1043 ecclesie
883 979 1046 1042 roborata
1068 983 1159 1058 sunt,

166 1085 226 1149 sed
262 1086 482 1148 diuersorum
519 1089 676 1148 locorum
713 1084 859 1148 diversis
901 1084 1056 1148 moribus
1101 1086 1156 1147 iu-

167 1191 428 1254 numerabiliter
447 1191 642 1264 oorlantur,
675 1190 725 1252 ita
749 1193 785 1251 nt
816 1190 871 1252 uir
893 1194 953 1252 out
979 1209 1156 1272 uunquam

167 1296 316 1357 inueniri
342 1301 488 1377 possunt
521 1313 632 1370 cause,
663 1311 750 1376 quas
780 1295 814 1355 in
841 1295 890 1356 eis
917 1296 1158 1359 constituendis

167 1399 320 1462 homiues
354 1400 459 1463 secuti
489 1404 576 1478 sient,
618 1400 675 1461 irbi
697 1399 855 1477 facultas
891 1398 1054 1461 tribuitur
1085 1401 1158 1463 siue

125 1524 156 1558 ιο
167 1506 285 1585 aliqua
300 1504 513 1567 dubitacione
528 1505 715 1567 resecando
728 1504 855 1567 estimo.
884 1501 1051 1583 Quamvis
1066 1505 1157 1567 enim

166 1608 227 1670 lroc
249 1626 314 1670 nou
339 1608 488 1671 inveniri
498 1609 618 1690 possit,
642 1608 809 1688 quomodo
825 1611 943 1670 contra
950 1607 1064 1686 fidem
1079 1608 1158 1684 siut,

167 1714 282 1793 ipsam
319 1717 435 1774 tomen
472 1713 674 1793 religionem
719 1729 824 1792 quam
856 1712 1084 1792 paucissimis
1129 1717 1159 1775 et

166 1815 461 1896 manifestissimis
479 1818 747 1880 celebraciouum
767 1817 997 1879 sacramentis
1018 1817 1155 1879 miseri-

165 1921 285 1983 cordia
303 1920 447 1983 Domini
469 1922 574 1984 uolm't
596 1939 669 1985 esse
690 1921 846 1999 liberam,
873 1920 1053 1983 seruilibus
1075 1939 1155 1984 oue-

123 2026 262 2093 15ribus
292 2027 377 2088 adeo
405 2031 582 2107 premunt,
614 2032 651 2089 ut
682 2026 907 2089 tollerabilior
938 2025 982 2088 sit
1004 2027 1155 2089 condicio

166 2128 363 2209 Iudeorum,
397 2131 456 2212 qni
487 2131 549 2194 etsi
578 2135 717 2212 tempus
753 2131 921 2194 libertatis
942 2149 1009 2193 uon
1032 2128 1154 2214 cogno!

72 2246 132 2313 234d
165 2239 293 2306 verrent,
318 2236 484 2317 legalibus
504 2240 619 2298 tomen
643 2236 880 2311 sacramentis,
903 2253 969 2298 nou
992 2236 1156 2300 humanis

160 2340 459 2421 presumciouibus
473 2341 694 2403 subiciuntur.
709 2340 767 2402 Ex
782 2338 860 2402 istis
877 2338 1029 2422 videtur,
1040 2339 1154 2423 primo

165 2444 262 2526 quod
284 2443 460 2507 infidelius
476 2443 588 2507 nostri
608 2443 764 2527 pharisei
779 2451 944 2527 premunt
968 2444 1154 2507 ecclesiam

120 2579 154 2613 20
164 2547 430 2621 tradicionibus,
442 2548 551 2612 sectis
563 2557 599 2612 et
615 2549 870 2613 exaccionibus
881 2569 985 2631 quam
996 2549 1154 2614 fecerant

164 2652 318 2736 pharisei
340 2653 432 2736 legis
453 2653 595 2716 veteris.
619 2652 693 2737 Ipsi
717 2653 809 2717 enim
832 2653 988 2736 undique
1011 2654 1152 2736 parcius

163 2765 365 2837 onerarunt,
419 2757 563 2820 moralia
614 2759 707 2841 legis
756 2759 1067 2840 preponderarunt
1116 2767 1154 2823 et

163 2861 331 2925 veniente
354 2863 506 2945 figurato
521 2862 687 2926 viderunt
703 2863 800 2945 quod
815 2863 930 2945 figure
955 2874 1151 2928 cessarunt.

163 2965 286 3030 Nostri
303 2976 417 3031 autem
435 2967 634 3050 pontifices,
658 2967 775 3029 scribe
793 2976 829 3030 et
844 2967 999 3049 pharisei
1020 2969 1151 3052 magni·

117 3072 269 3135 zificant
289 3072 451 3135 infideles
475 3072 688 3135 tradiciones
712 3071 901 3150 hominum,
929 3072 1039 3136 eciam
1063 3076 1153 3137 ultra

160 3176 376 3240 tradiciones
410 3197 497 3259 quas
520 3177 621 3240 Deus
643 3176 803 3254 instituit,
828 3196 907 3240 curn
929 3176 1006 3241 illas
1030 3177 1152 3241 dicunt

161 3291 330 3363 oportere
354 3301 505 3363 cessare,
529 3281 559 3345 si
583 3301 672 3344 onus
689 3281 832 3364 sapiunt
855 3292 892 3345 et
914 3301 986 3344 non
1001 3284 1152 3359 lucrum;

160 3385 376 3450 tradiciones
400 3406 486 3449 vero
510 3406 603 3458 suaS,
636 3405 706 3468 que
737 3387 910 3448 honorem
933 3388 992 3449 vel
1015 3387 1150 3449 lucrum

160 3494 392 3574 temporalem
414 3490 565 3574 sapiunt,
598 3490 718 3554 dicunt
751 3510 823 3554 non
855 3511 965 3573 posse
998 3510 1149 3573 cessare,

116 3595 243 3660 3olicet
266 3596 337 3659 sint
360 3596 614 3660 tradicionibus
648 3605 684 3659 et
710 3595 785 3659 vite
809 3594 940 3660 Christi
963 3595 1149 3676 contrarie,

161 3720 240 3763 cum
263 3721 330 3783 per
351 3700 427 3763 illas
451 3709 709 3764 consecrantur
729 3720 798 3770 res,
828 3720 848 3763 a
871 3721 942 3785 qua
966 3720 1148 3764 consecra·

161 3804 264 3867 cione
288 3825 357 3868 non
379 3804 464 3868 licet
479 3806 666 3883 recodere3
692 3804 897 3868 deminuere
915 3813 1032 3868 autem
1047 3805 1147 3870 liber·

158 3917 279 3986 tatem,
317 3929 387 3992 que
421 3917 475 3972 est
498 3929 622 3972 verum
644 3908 870 3993 privilegium
894 3909 1058 3989 ecclesio,
1084 3931 1150 3994 per

213 4159 229 4190 1.
241 4146 331 4191 Codd:
342 4148 470 4203 Augustini
478 4159 499 4190 2.
555 4160 577 4192 2.
587 4147 663 4192 Oodd.
673 4148 697 4192 in
708 4159 795 4204 maru:
805 4147 872 4193 Ritus
881 4155 1012 4206 grauanter
1019 4151 1148 4195 ecelesiam.

159 4227 197 4260 ao.
212 4218 246 4260 Λι
254 4215 374 4274 fecerunt.

216 4358 235 4394 ι.
255 4343 320 4409 Cap.
338 4342 392 4392 xll.

1210 2343 1271 2387 How
1285 2356 1330 2388 our

1209 2396 1328 2450 phenices

1189 2460 1221 2503 ΟΡ
1232 2448 1342 2554 tillim
