3008 5026
126 386 195 433 can.
214 373 278 462 χιι]
424 396 469 446 ns
488 395 699 447 eoruscare
718 397 815 449 pars.
1264 400 1325 460 ³¹7

126 557 253 632 putant
275 569 354 614 cum
378 552 472 615 clero
496 551 691 616 infatuante
715 552 887 632 dominos,
919 552 1016 636 quod
1038 572 1110 616 non
1133 546 1315 646 Ῑζξξὴζξξξζξξ*

127 662 237 718 staret
268 654 344 719 sine
376 655 500 721 ordine
522 657 626 722 huius
650 657 734 722 cleri
758 657 893 723 cesarei
920 656 1110 723 dominium
1146 653 1300 761 gofflfem

127 760 295 826 seculare·
1155 757 1233 802 would
1248 757 1297 802 fall.

171 863 244 929 Sed
282 867 404 929 ambos
442 865 531 930 istos
570 867 672 930 simul
704 866 877 931 convinco
916 866 1112 951 tripliciter,

101 969 241 1052 5primo
263 969 299 1035 in
327 971 395 1035 boc
419 971 516 1055 quod
538 972 701 1056 perfecte
725 972 826 1037 stetit
857 971 1011 1037 ecclesia
1033 991 1112 1035 cum

127 1075 278 1138 seculari
295 1074 447 1140 dominio
465 1077 635 1141 trecentis
652 1077 750 1141 annis
764 1087 850 1161 post
870 1075 1112 1141 ascensionem

128 1178 256 1244 Christi
280 1188 316 1244 et
339 1181 497 1265 amplius,
521 1182 661 1265 quando
685 1201 758 1246 non
780 1180 847 1245 fuit
868 1180 948 1245 talis
969 1201 1054 1244 ceca
1077 1188 1113 1244 et

126 1304 309 1349 venenosa
325 1286 475 1352 dotacio.
499 1284 539 1351 Si
560 1286 670 1371 igitur
692 1296 777 1350 tunc
794 1285 908 1350 crevit
923 1293 1111 1369 utrumque

125 1387 271 1453 istorum
304 1393 541 1456 membrorum
566 1390 729 1470 ecclesie,
762 1399 799 1454 et
829 1398 915 1473 post
941 1388 1110 1466 decrevit,

85 1491 237 1556 1oeciam
260 1515 447 1578 quousque
476 1504 665 1579 utrumque
687 1493 835 1558 istorum
856 1493 1010 1578 capitum
1033 1492 1111 1557 reli·

127 1617 233 1679 quum
257 1598 476 1663 destruxerit
498 1601 541 1663 ad
563 1619 636 1663 non
656 1598 813 1683 gradum,
837 1599 1017 1681 quomodo
1040 1616 1113 1661 non
1140 1611 1300 1707 aotndcsurcn

128 1710 183 1765 est
219 1703 379 1782 evidens,
418 1705 515 1787 quod
553 1712 736 1786 utramque
779 1703 923 1766 istarum
955 1701 1113 1786 parcium
1136 1671 1311 1761 wilrali‘ile

126 1805 222 1871 foret
251 1809 348 1872 viare
379 1810 461 1892 plus
491 1828 665 1892 prospere
696 1807 817 1891 quoad
839 1807 955 1870 Deum
989 1815 1025 1870 et
1051 1807 1112 1870 bo·
1184 1769 1263 1824 ‘’m‘'

126 1912 237 1976 mines
252 1915 400 1977 reducta
416 1914 460 1978 ad
481 1913 641 1977 ordinem
657 1912 810 1977 ecclesie
830 1932 937 1995 quem
953 1910 1112 1975 Christus

84 2015 286 2096 15instituit‚
310 2038 414 2101 quam
437 2018 484 2082 sit
505 2017 705 2101 irreligiose
722 2015 910 2080 commixta
932 2015 968 2079 in
985 2014 1112 2079 ritibus

127 2141 174 2183 ex
198 2122 406 2188 auctoritate
431 2141 582 2186 cesarea.

170 2224 276 2307 Quod
299 2234 421 2309 potest
443 2225 640 2290 confirmari
663 2246 711 2289 ex
736 2227 817 2310 lege
839 2223 921 2303 Dei,
954 2244 1001 2287 ex
1029 2224 1112 2309 lege
1158 2240 1203 2285 aaa
1219 2251 1284 2284 more

127 2330 279 2394 ecclesie
303 2341 340 2394 et
360 2332 443 2414 lege
468 2351 619 2396 cesarea.
640 2330 697 2393 Ex
719 2331 801 2415 lege
817 2328 897 2408 Dei,
921 2328 1005 2412 quia
1026 2338 1111 2393 tunc
1135 2292 1311 2389 ‘illidii

126 2432 266 2497 viveret
289 2435 406 2498 clerus
429 2444 579 2518 uterque
601 2435 683 2517 lege
706 2434 776 2498 Dei
797 2432 1012 2518 placencius‚
1044 2431 1113 2496 sibi
1194 2396 1257 2452 ω’

27 2543 94 2610 240b
127 2537 255 2616 utilius,
280 2539 285 2619 Ι
311 2537 451 2603 Christo
488 2558 529 2603 ac
567 2537 739 2622 apostolis
777 2537 850 2601 suis
889 2535 1111 2601 conformius.

128 2640 317 2724 Quomodo
340 2642 449 2726 igitur
471 2664 542 2707 non
557 2644 706 2707 haberet
721 2642 839 2706 Deum
855 2641 985 2706 exinde
1001 2639 1112 2724 magis

127 2747 345 2829 propicium?

170 2850 226 2913 Ex
248 2853 330 2935 lege
357 2852 510 2917 ecclesie
533 2862 634 2935 patet
659 2852 753 2916 idem
776 2871 855 2916 cum
879 2849 1111 2914 distinccione

127 2954 245 3020 XCV:
270 2956 362 3021 Olim
389 2978 436 3021 ex
459 2958 604 3021 decreto
625 2956 809 3041 Jeronymi
832 2957 1006 3021 docentur
1028 2974 1111 3038 quo·

84 3068 116 3120 25
128 3062 232 3125 modo
249 3063 401 3127 ecclesia
414 3063 642 3146 regulabatur
661 3070 741 3126 ante
753 3060 987 3140 dotacionem,
1002 3059 1112 3123 eciam
1126 3076 1152 3121 or
1164 3079 1202 3121 rue
1216 3075 1320 3122 eiuro.

128 3165 164 3230 in
186 3174 349 3251 tempore
373 3169 614 3252 apostolorum
635 3167 811 3231 communi
834 3165 981 3230 consilio
998 3184 1112 3229 sacer·

129 3272 261 3351 dotum,
285 3282 322 3336 et
344 3273 573 3355 postmodum
595 3271 830 3355 instigacione
855 3270 999 3354 dyaboli
1021 3268 1114 3333 facta

129 3386 186 3440 est
223 3377 350 3441 divisio
389 3376 641 3441 constituendo
680 3376 883 3459 capitaneos
920 3373 1114 3438 secundum

130 3479 337 3567 dignitatem
359 3481 579 3559 mundanam,
608 3489 749 3564 captam
772 3478 944 3543 fallaciter
966 3499 1013 3543 ex
1035 3497 1114 3562 pre·

86 3596 119 3647 30
130 3585 324 3650 eminencia
346 3586 600 3670 apostolorum,
625 3584 788 3668 aquibus
803 3582 1115 3648 instrumentaliter

129 3699 212 3753 sunt
235 3690 411 3768 conversi,
436 3696 476 3753 ut
498 3689 617 3772 tangit
637 3690 837 3772 Apostolus
860 3688 971 3773 prima
995 3687 1073 3751 Cor.
1096 3686 1114 3749 I

130 3803 166 3857 et
187 3795 250 3861 111.
288 3795 404 3878 Quare
437 3794 547 3880 igitur
578 3813 651 3858 non
673 3793 769 3857 foret
790 3792 991 3877 perfeccius
1018 3800 1113 3854 stare

128 3899 164 3962 in
187 3906 280 3964 statu
302 3900 475 3984 primevo,
509 3918 614 3983 quem
638 3897 798 3962 Christus
828 3896 980 3960 instituit
1011 3914 1114 3978 quam

129 4003 164 4067 in
196 4013 288 4070 statu
313 4013 485 4070 extraneo
503 4004 564 4088 qui
586 4003 756 4068 instinctu
781 4000 924 4086 dyaboli
944 4000 1113 4065 inolevit?

182 4210 218 4256 30.
234 4212 286 4257 AB:
301 4211 325 4256 ia
338 4214 549 4257 sacramentaliter.

183 4351 221 4398 24.
242 4340 291 4389 See
309 4339 394 4390 above
414 4356 439 4406 p.
460 4339 517 4392 316.
538 4339 611 4390 Decr.
632 4338 717 4403 prima
735 4350 804 4402 pars,
824 4335 882 4387 dist.
901 4335 981 4403 XCV,
1006 4349 1062 4400 cap.
1081 4333 1113 4383 V.
