3008 5026
710 402 881 452 sonamus
900 400 1042 452 wrcen
1257 383 1339 472 [cm.
1356 403 1372 444 l.

383 575 509 620 sensus
533 556 603 621 sint
627 577 719 640 eque
743 559 830 636 noti,
853 567 955 642 patet
978 559 1073 641 quod
1099 578 1172 622 non
1194 569 1374 644 repugnat

382 682 450 726 non
477 682 558 725 esse
581 671 800 745 potestatem
823 663 891 727 nisi
915 683 934 727 a
956 665 1050 746 Deo,
1080 671 1256 727 ettamen
1280 665 1373 728 aliud

383 786 403 829 a
424 767 506 832 Deo
530 768 614 830 dare
637 776 865 850 potestatem,
886 769 957 833 hoc
974 777 1030 833 est
1044 769 1372 855 promulgacionem

382 871 594 936 autenticam
616 872 653 936 in
667 873 759 937 facie
776 872 939 954 ecclesie,
964 874 1062 955 quod
1081 893 1237 957 persona
1253 886 1373 938 creata

381 978 512 1041 habeat
527 998 546 1040 a
561 978 643 1042 Deo
657 978 859 1044 huiusmodi
879 987 1112 1061 potestatem
1135 981 1205 1043 tale
1229 979 1397 1062 quidem5

382 1091 615 1166 aggregatum
639 1085 832 1146 secundum
856 1092 994 1166 partem
1027 1084 1130 1147 datur
1161 1087 1204 1147 ab
1220 1084 1373 1166 homine,

382 1188 447 1252 sed
463 1207 536 1251 non
545 1187 724 1250 nisiDeus
739 1187 983 1271 principaliter
994 1189 1197 1263 auctorizet,
1214 1197 1255 1253 ut
1271 1197 1375 1266 patet

380 1292 538 1357 inferius.
576 1292 636 1355 Ad
673 1292 825 1374 primum
864 1293 1073 1357 conceditur
1111 1293 1374 1376 consequencia

382 1387 461 1461 cum
495 1405 689 1481 assumpt0,
728 1399 794 1461 sed
826 1407 977 1482 negatur
1007 1398 1130 1479 minor,
1170 1417 1249 1460 cum
1286 1405 1374 1480 post

380 1503 518 1584 lapsum
542 1522 694 1566 necesse
718 1504 923 1566 esthabere
939 1511 1156 1586 potestatem
1177 1504 1372 1566 secundum
1388 1529 1416 1567 ιο

380 1609 543 1673 timorem
575 1608 742 1671 servilem
774 1609 1034 1693 promulgatam
1073 1610 1116 1670 ab
1148 1607 1290 1670 homine
1329 1608 1373 1670 ad

382 1713 639 1776 cohercendum
660 1714 816 1775 rebelles
840 1713 932 1776 sicut
955 1733 1026 1776 non
1042 1711 1205 1795 oportuit
1226 1712 1260 1774 in
1278 1720 1372 1775 statu

380 1816 589 1881 innocencie
627 1837 694 1880 nec
735 1817 771 1881 in
803 1817 976 1900 regimine
1013 1817 1074 1900 pie
1111 1815 1372 1892 obediencium,

382 1923 464 2004 quia
485 1923 546 1985 lex
569 1922 648 1986 talis
671 1930 823 2006 propter
851 1932 1139 2005 transgressores
1162 1921 1282 2004 posita
1306 1929 1372 2001 est,

381 2047 487 2109 quam
516 2047 587 2090 non
611 2026 751 2090 timebit
772 2026 913 2090 humilis
937 2025 1164 2091 Christianus
1190 2025 1195 2110 Ι
1219 2026 1265 2088 Et
1290 2046 1371 2089 con·
1405 2040 1463 2091 105·

382 2131 521 2195 ceditur
531 2133 629 2214 quod
639 2140 847 2214 potentatus
857 2132 948 2194 male
958 2130 1137 2213 accipiunt
1147 2129 1372 2193 occasionem

382 2236 426 2300 ad
448 2237 729 2319 perturbandum
753 2236 942 2300 ecclesiam
959 2256 1007 2299 ex
1022 2235 1153 2299 ficticia
1167 2235 1371 2318 potestatis;

380 2348 525 2423 oportet
554 2349 673 2404 tamen
698 2341 816 2404 Deum
846 2342 928 2403 dare
950 2349 1152 2423 potestates
1169 2338 1371 2422 spirituales

381 2446 424 2508 ad
456 2445 722 2509 ministrandum
760 2454 989 2519 sacramenta,
1028 2445 1073 2507 ad
1107 2446 1369 2507 cohercendum

380 2549 586 2613 seculariter
617 2552 772 2614 rebelles
804 2550 966 2630 ecclesie,
997 2558 1120 2633 preter
1142 2550 1292 2612 liberum
1315 2569 1368 2611 ar·
1381 2577 1414 2615 20

380 2652 531 2736 bitrium,
554 2663 595 2718 ut
616 2665 718 2739 patet
741 2676 789 2718 ex
812 2655 987 2737 scriptura
1008 2653 1204 2737 multiplici.

183 2779 265 2823 uower
279 2780 346 2834 given
422 2760 483 2823 Ad
507 2761 703 2823 secundum
732 2759 860 2824 dicitur
883 2761 979 2842 quod
1005 2759 1083 2821 talis
1111 2766 1274 2841 potestas
1297 2779 1371 2823 non

168 2831 199 2926 ii
213 2831 367 2945 giffrssiini’rt
379 2865 520 2927 laxatur
551 2865 610 2928 vel
640 2864 875 2948 restringitur,
908 2871 1158 2946 augmentatur
1192 2865 1253 2926 vel
1275 2864 1370 2926 dimi·

165 2936 499 3050 il‘ilcliiitillnuitur
526 2972 644 3051 quoad
677 2990 775 3032 suam
808 2969 1015 3049 essenciam,
1048 2970 1113 3031 sed
1145 2970 1264 3051 quoad
1287 2989 1371 3032 exe·

167 3038 565 3140 ‘'ttnll0ltl.b‘0u010n0m
589 3075 710 3158 operis
739 3076 836 3158 quod
859 3077 903 3137 ab
929 3075 1009 3156 ipsa
1023 3074 1249 3155 procederet,
1274 3075 1413 3157 quod25

380 3179 464 3243 licet
487 3178 618 3262 facere,
643 3180 797 3243 sednon
814 3179 882 3242 nisi
899 3178 1037 3241 affuerit
1060 3198 1166 3240 causa
1180 3178 1370 3260 rationalis,

381 3286 498 3367 quoad
521 3286 647 3348 Deum.
685 3284 732 3347 Et
763 3283 858 3347 illum
893 3303 1036 3346 sensum
1065 3282 1216 3365 exponit
1239 3283 1372 3346 XXIV

380 3407 502 3468 canon,
526 3397 640 3471 quest.
664 3389 787 3471 prima,
816 3389 1012 3452 Miramur:
1038 3387 1153 3464 Aliud,
1176 3385 1302 3469 inquit,
1324 3393 1372 3451 est

374 3499 526 3576 potestas
547 3494 665 3576 officii,
694 3495 793 3557 alind
816 3495 977 3564 exeeneio,
1004 3497 1033 3555 et
1056 3497 1092 3554 nt
1111 3493 1310 3573 plurimum
1334 3495 1371 3555 in

379 3602 556 3663 monachis
586 3606 616 3663 et
647 3601 730 3663 aliis
761 3601 928 3663 retinetur
945 3603 1098 3679 potestas
1119 3596 1240 3678 officii,
1272 3599 1416 3665 veludso

379 3706 415 3767 in
447 3706 632 3786 suspensis,
665 3705 784 3783 quibus
814 3704 1032 3767 ministraeio
1056 3702 1283 3777 interdicitur,
1312 3722 1371 3784 po·

379 3812 488 3874 tencia
520 3829 587 3873 non
619 3809 789 3888 aufertur.
826 3809 873 3872 Et
905 3810 948 3870 ad
981 3805 1199 3870 conformem
1226 3825 1370 3869 sensum

380 3914 587 3977 conceditur
636 3916 733 3996 quod
780 3913 949 3977 naturalis
991 3920 1153 3994 potestas
1198 3932 1268 3995 que
1317 3919 1373 3974 est

432 4140 453 4182 8.
468 4139 510 4182 AB
524 4139 547 4182 in
564 4151 649 4194 marga
664 4139 698 4181 ad
712 4150 730 4181 1.
786 4149 823 4182 22.
840 4137 857 4181 B
872 4138 895 4181 in
912 4148 999 4191 marga
1014 4137 1048 4180 ad
1062 4148 1102 4180 nn.

433 4261 763 4330 1—7.Hussii0pp.213''.
829 4260 1157 4326 22-33.ib.213¹³-214·.
1223 4263 1372 4314 28.Decreti

379 4354 581 4418 secundamus,
601 4367 679 4402 causa
698 4351 790 4418 xxlv,
810 4366 854 4416 qu.
875 4351 893 4413 l,
913 4367 968 4417 cup.
987 4352 1111 4400 XXXVll.
