3008 5026
194 374 262 420 cae.
276 363 318 445 x]
495 381 540 431 ΒΕ
559 381 771 433 potestate
790 383 888 435 ΡΑΡΕ.

193 554 438 619 recompensa.
463 536 598 601 Dicunt
618 540 777 602 secundo
798 539 895 622 quod
914 539 1044 602 nedum
1066 541 1183 602 catho-

193 639 261 702 lice
285 641 350 703 sed
372 640 497 704 melius
514 661 619 723 quam
642 643 749 705 modo
775 653 1047 706 conversaretur
1069 642 1184 707 fidelis

195 743 347 807 ecclesia
363 764 589 828 quocumque
610 766 705 830 papa
720 766 866 810 cesareo
891 748 1079 828 subducto,
1103 747 1185 829 quia

195 849 277 914 Act.
300 847 364 925 1v,
393 869 428 912 12
463 848 599 930 dicitur,
632 852 729 934 quod
760 869 828 914 mm
856 857 903 915 est
935 852 1034 914 aliud
1061 870 1184 915 nomen

170 953 256 1016 tsub
286 955 365 1035 telo,
397 955 434 1017 in
464 973 528 1036 quo
562 961 690 1037 oportet
721 974 783 1019 nos
813 952 927 1019 salvos
952 956 1039 1035 fieri
1066 961 1185 1037 preter

195 1075 317 1121 nomen
348 1059 482 1122 domini
522 1058 626 1123 Jhesu
662 1057 798 1125 Christi.
836 1060 883 1123 Et
916 1059 1038 1123 dieunt
1069 1059 1183 1123 tercio
1239 1091 1361 1135 wnffink

196 1162 293 1243 quod
330 1164 516 1245 pensando
555 1163 724 1227 virtutum
762 1163 915 1247 insignia
951 1164 1185 1247 probabiliter
1225 1146 1366 1252 pii‘iiu‘iyii

194 1274 361 1347 reputant
384 1265 566 1330 Urbanum
596 1276 757 1331 nostrum
780 1287 903 1331 verum
931 1285 1071 1351 papam,
1105 1288 1183 1330 cum
1198 1248 1393 1345 ’ζξξῑῗοζῗῆῗέ

195 1388 318 1433 omnes
342 1369 455 1435 sancti
479 1371 642 1455 episcopi
666 1380 767 1434 erant
788 1390 893 1455 pape,
922 1381 959 1436 et
981 1373 1184 1436 Robertum
1201 1361 1394 1449 mssffififfgfl„

155 1493 266 1537 ronon
303 1483 470 1558 reputant
509 1473 677 1559 explicite
719 1494 847 1559 papam
886 1476 944 1538 vel
989 1477 1184 1539 membrum
1246 1457 1349 1502 chum·

195 1585 317 1641 sancte
351 1579 513 1655 ecclesie,
545 1578 626 1661 quia
653 1581 689 1642 in
711 1579 769 1641 De
793 1578 924 1643 Verbis
947 1579 1091 1643 Domini
1114 1600 1184 1644 ser·

194 1701 299 1745 mone
309 1680 394 1746 LIII
410 1681 460 1744 sic
477 1682 659 1746 scribitur:
678 1681 790 1764 Caput
804 1684 932 1746 humile
947 1689 977 1747 et
992 1686 1185 1748 membrum

195 1787 380 1868 superbum
404 1788 509 1855 absit·
539 1805 607 1849 non
635 1789 706 1850 vult
732 1806 802 1851 esse
830 1789 871 1851 de
898 1805 1041 1870 corpore
1063 1789 1186 1869 capitis

198 1888 333 1967 Christi,
346 1891 429 1973 quia
439 1897 537 1954 amat
551 1892 758 1972 superbiam.
774 1889 880 1954 Unde
897 1910 975 1955 curn
992 1892 1186 1955 secundum

156 1996 349 2058 rteundem
373 1995 615 2077 Augustinum
648 2014 812 2058 sermone
844 1995 873 2059 L
906 1995 1065 2060 Christus
1098 2016 1185 2060 vere

195 2100 347 2183 loquens
371 2100 416 2162 de
441 2100 723 2182 quibuscumque
747 2098 961 2182 pastoribus,
986 2120 1063 2164 curn
1086 2102 1122 2165 in
1145 2121 1186 2165 se

195 2203 303 2266 habet
327 2223 451 2266 omnes
475 2213 639 2285 pastores
663 2204 777 2267 bonos
794 2223 879 2266 vere
897 2203 995 2269 dicit:
1018 2204 1089 2286 Ego
1105 2224 1185 2270 sum

195 2327 295 2386 unus,
311 2327 445 2372 mecum
460 2328 578 2372 omnes
593 2310 630 2371 in
648 2310 775 2372 unitate
784 2327 887 2371 unum
898 2315 986 2373 sunt.
1003 2309 1184 2374 Prescitus

197 2420 313 2476 autem
338 2432 416 2476 curn
441 2412 488 2475 sit
509 2414 704 2476 membrum
727 2413 881 2495 dyaboli,
910 2434 981 2476 non
1006 2414 1185 2498 compagi·

154 2526 299 2580 ronatur
322 2518 482 2580 ordinate
504 2517 586 2580 huic
610 2517 726 2600 capiti.

240 2621 348 2685 Istam
380 2631 497 2685 autem
529 2622 729 2707 negativam
764 2622 842 2685 dico
875 2622 1062 2705 opinando,
1095 2622 1187 2688 sicut
1222 2656 1377 2716 mmm„

197 2735 296 2790 secta
327 2727 437 2789 altera
469 2726 585 2808 possit
617 2727 791 2790 catholice
814 2727 933 2790 dicere
958 2727 1187 2792 conformiter
1239 2709 1360 2817 ’Σρᾎξςξῗξ

105 2844 170 2894 225·
198 2832 242 2894 de
259 2831 413 2895 Urbano.
435 2829 440 2915 Ι
460 2830 547 2895 Ideo
565 2839 720 2914 oportet,
744 2832 842 2914 quod
865 2851 977 2914 opera
991 2831 1084 2895 iusta
1100 2833 1186 2898 dent

196 2936 302 3000 fidem
339 2944 503 3019 papatus,
552 2956 630 2998 cum
669 2935 774 2999 nichil
807 2938 853 3000 sit
885 2937 1042 3000 fallacius
1082 2958 1185 3020 quarn

155 3042 345 3104 ithumana
379 3040 513 3103 eleccio
547 3050 584 3104 et
611 3040 758 3104 tradicio
790 3042 989 3124 phariseica
1017 3062 1096 3104 cum
1119 3061 1185 3106 suo

196 3144 335 3208 iudicio.
381 3143 469 3206 Nam
507 3144 650 3206 easdem
688 3144 903 3208 tradiciones
940 3146 1050 3208 habet
1087 3153 1185 3208 secta

197 3248 351 3312 Roberti
391 3265 424 3310 et
463 3256 594 3326 nostra,
640 3257 676 3311 et
714 3259 831 3313 tamen
868 3248 904 3312 ln
941 3249 1072 3312 iudicio
1113 3268 1184 3330 quo

196 3353 347 3416 maxime
371 3354 549 3417 servirent
572 3354 724 3417 ecclesie
748 3363 831 3418 sunt
847 3354 982 3418 directe
1006 3354 1186 3437 opposite,

198 3468 234 3521 et
266 3459 410 3521 indubie
442 3469 568 3522 neutra
605 3479 688 3543 pars
725 3459 845 3522 noscit
876 3458 1094 3522 evidenciarn
1128 3457 1186 3521 vie

155 3575 187 3623 30
197 3582 271 3645 sue,
295 3565 487 3646 theologus
520 3572 636 3627 autern
668 3574 827 3627 neutram
855 3572 988 3627 sectam
1011 3564 1187 3646 dampnat,

196 3669 262 3731 sed
271 3668 382 3732 instar
392 3668 565 3732 libertatis
576 3668 844 3732 christianorum
861 3668 1023 3752 primevo
1034 3668 1186 3730 ecclesie

197 3772 282 3837 dicit
306 3775 404 3857 quod
427 3783 576 3857 utraque
599 3793 682 3857 pars
706 3782 829 3856 potest
845 3773 942 3836 viare
963 3773 1048 3836 satis
1072 3773 1185 3835 catho-

196 3877 274 3953 lice,
299 3890 335 3941 et
358 3878 434 3942 sive
459 3887 538 3942 uter
562 3898 684 3941 eorum
709 3879 832 3941 credat
855 3876 1036 3961 explicite,
1060 3885 1097 3939 et
1112 3875 1185 3958 qui-

251 4199 284 4232 rr.
300 4189 321 4232 Α
336 4189 359 4232 in
375 4200 461 4244 marga
477 4186 594 4231 Prercr'tm
607 4200 654 4231 non
668 4191 704 4231 ert
716 4187 847 4232 membrum.

254 4329 291 4366 ιι.
311 4313 380 4379 Ορρ.
400 4322 464 4366 torn.
478 4313 510 4381 V,
533 4313 606 4378 1375.
682 4314 801 4378 15.lbid.
821 4328 881 4380 pag.
899 4311 960 4379 671.
