3008 5026
159 391 226 435 CAP.
242 379 283 459 x.]
456 392 500 443 uu
519 392 732 443 POTESTATE
755 393 852 444 ΡΑΡΕ.

205 548 308 611 Unde
351 549 491 631 quidam
533 557 665 611 vocant
706 549 820 611 solum
862 547 939 610 illas
976 546 1148 611 veritates

160 653 350 717 catholicas
372 673 459 735 quas
475 661 621 734 oportet
635 652 807 716 viatorem
819 651 984 715 distincte
1002 652 1148 714 credere

160 757 326 820 articulos
345 757 439 833 fidei,
463 756 660 821 cuiusmodi
680 765 764 819 sunt
782 755 952 818 veritates
973 774 1148 837 expresse

158 860 194 923 in
218 861 398 942 symbolo;
426 859 482 923 alii
505 871 622 923 autem
651 859 844 943 quamlibet
876 859 1062 922 veritatem
1095 877 1148 921 ca·

134 965 321 1028 §tholicam
353 963 537 1026 articulum
575 962 669 1040 fidei,
707 961 788 1044 quia
809 972 945 1044 partem
969 962 1149 1044 parvulam

158 1068 278 1133 totalis
309 1068 402 1133 fidei.
438 1066 485 1129 Et
515 1067 574 1131 illa
611 1067 778 1130 concedit
813 1065 1062 1130 conclusiones
1094 1085 1149 1130 se·

159 1182 320 1254 quentes.
357 1191 427 1254 que
451 1171 745 1254 equivocantibus
769 1171 935 1233 videntur
962 1169 1149 1234 mirabiles.

202 1275 276 1340 Sed
299 1278 631 1359 quomodocumque
655 1277 828 1358 loquatur,
852 1275 948 1338 fideli
971 1274 1077 1337 nichil
1100 1273 1148 1336 in·
1186 1291 1231 1336 We
1246 1304 1285 1336 are
1300 1300 1340 1337 nor

160 1379 276 1443 sanius
313 1401 416 1462 quam
449 1380 595 1442 credere
627 1379 723 1461 quod
754 1379 866 1442 omnis
898 1378 1015 1443 fidelis
1038 1379 1148 1441 debet
1186 1347 1336 1442 sdidvidriit

120 1486 307 1546 moredere
350 1485 447 1564 quod
484 1482 596 1546 omnis
644 1481 836 1566 episcopus
874 1483 1060 1547 Romanus
1102 1481 1149 1546 sit
1160 1463 1245 1558 uiriiss
1259 1450 1366 1559 ἷξοῐρᾞι.

159 1607 253 1668 papa
287 1588 343 1649 vel
383 1587 480 1668 quod
513 1585 626 1649 omnis
659 1586 822 1650 subditus
856 1595 998 1650 tenetur
1029 1585 1148 1648 facere

160 1692 327 1774 quicquid
368 1691 575 1773 preceperit
615 1701 676 1754 aut
723 1690 820 1773 quod
862 1689 1071 1753 auctoritate
1112 1696 1150 1751 et

160 1795 402 1857 declaracione
450 1794 547 1858 illius
588 1804 729 1858 tenetur
775 1794 888 1856 omnis
941 1791 1148 1856 christianus

161 1899 307 1960 credere
336 1899 545 1981 cuicumque
569 1898 745 1981 scripture
779 1917 884 1980 quam
906 1896 986 1980 ipse
1009 1896 1147 1969 limitat;

119 2015 239 2065 mnam
262 2003 357 2066 mille
381 2012 464 2067 sunt
485 2002 620 2080 fideles,
652 2003 713 2086 qui
744 2004 878 2065 habent
905 2001 1105 2064 immediate
1130 2021 1149 2064 a

159 2106 240 2168 Deo
257 2106 362 2169 fidem
379 2107 554 2189 scripture
569 2106 856 2189 independenter
879 2107 922 2168 ab
943 2105 1014 2181 illo,
1039 2104 1148 2167 eciam

160 2212 240 2291 plus
272 2231 375 2292 quam
406 2210 502 2293 ipse3
536 2219 778 2274 verumtamen
811 2229 889 2273 cum
921 2209 1020 2273 multi
1051 2227 1148 2290 pape

161 2323 243 2377 sunt
265 2314 415 2396 gloriosi
439 2325 524 2397 post
547 2313 771 2377 dotacionem
805 2313 967 2389 ecclesie,
999 2311 1149 2395 quilibet

161 2418 369 2482 christianus
386 2427 530 2482 tenetur
556 2420 681 2481 saltem
706 2417 854 2481 confuse
879 2417 1026 2480 credere
1050 2416 1148 2499 quod

117 2545 150 2580 20
160 2522 260 2585 multi
274 2523 429 2586 Romani
454 2522 616 2606 episcopi
639 2530 722 2585 sunt
744 2522 821 2584 veri
843 2540 948 2604 pape,
972 2530 1009 2584 et
1023 2520 1073 2584 illi
1088 2519 1149 2604 qui

161 2646 231 2688 non
262 2626 426 2690 fecerunt
459 2626 689 2690 exaccionem
713 2626 792 2689 talis
815 2625 899 2687 fidei
921 2623 1147 2701 Antichristi3

161 2730 225 2792 sed
246 2731 316 2794 hoc
342 2750 414 2794 non
438 2739 495 2794 est
517 2731 732 2813 generaliter
758 2731 803 2793 ad
831 2730 968 2791 laudem
992 2728 1149 2792 Romani

160 2833 350 2915 pontilicis,
383 2834 465 2917 quia
493 2834 544 2897 sic
567 2842 734 2898 tenentur
757 2835 904 2897 credere
928 2833 1024 2914 quod
1049 2832 1149 2895 multi

160 2937 314 3000 Romani
333 2937 523 3020 pontifices
539 2958 610 3001 non
626 2947 709 3001 sunt
723 2958 829 3021 pape,
852 2938 935 3020 quia
950 2935 1049 3000 multi
1066 2945 1148 3000 sunt

70 3051 131 3100 κθ
161 3041 350 3124 dampnati,
382 3061 452 3104 non
486 3044 643 3105 membra
666 3051 786 3106 sancte
807 3046 812 3122 Ι
834 3041 995 3118 ecclesie,
1030 3048 1066 3103 et
1098 3040 1148 3104 sic

162 3147 206 3207 de
230 3146 325 3209 omni
347 3146 497 3209 veritate
526 3156 667 3210 tenetur
695 3146 808 3210 omnis
836 3145 1047 3209 christianus
1076 3164 1148 3207 cre·

162 3250 247 3312 dere
271 3250 352 3332 quia
386 3258 451 3326 est,
485 3251 554 3314 etsi
576 3269 648 3313 non
671 3261 774 3314 sonat
796 3249 832 3312 in
854 3268 1019 3332 pompam
1043 3267 1148 3331 pape,

162 3354 259 3435 quod
290 3354 404 3417 omnis
436 3354 647 3419 christianus
679 3362 821 3418 tenetur
851 3353 968 3436 ipsum
1001 3354 1148 3417 credere

161 3477 241 3520 esse
263 3478 403 3540 papam,
436 3458 529 3521 sicut
555 3477 628 3521 non
656 3469 759 3522 sonat
785 3458 821 3520 in
844 3476 1010 3540 pompam
1036 3456 1149 3521 cuius·

119 3571 311 3644 meumque
341 3561 577 3644 predestinati
609 3563 706 3645 quod
739 3562 852 3625 omnis
875 3562 981 3624 homo
1007 3569 1149 3624 tenetur

161 3667 307 3729 credere
345 3667 462 3749 ipsum
502 3686 582 3730 esse
621 3668 842 3741 salvandum,-
877 3665 971 3728 sicut
1007 3684 1147 3728 omnem

160 3769 353 3852 prescitum
369 3779 512 3833 tenetur
528 3771 674 3833 credere
691 3789 771 3835 esse
781 3769 1052 3852 dampnandum,
1069 3788 1148 3832 curn

160 3883 304 3956 oportet
329 3875 446 3936 Deum
479 3874 645 3938 distincte
677 3873 763 3937 illud
796 3892 1032 3958 cognoscere;
1065 3892 1148 3954 ymo

162 3986 216 4039 est
239 3976 343 4040 michi
367 3978 515 4042 evidens
552 3978 648 4060 quod
672 3986 741 4040 tam
766 3976 905 4042 subtilis
928 3975 1068 4059 logicus
1092 3985 1146 4040 at-

119 4091 231 4164 35que
255 4083 455 4164 theologus,
479 4082 572 4146 sicut
594 4081 661 4145 fuit
669 4082 856 4146 Robertus
878 4079 1148 4165 Lyncolniensis

212 4250 232 4294 3.
248 4251 323 4294 Codd.
344 4252 366 4293 iu
387 4263 473 4304 marm:
493 4252 594 4294 Articuli
603 4250 673 4306 fidei.
730 4250 750 4295 5.
768 4251 798 4294 B:
815 4251 964 4306 pervulgant.
1018 4264 1040 4306 9.
1057 4248 1146 4294 eoda:

161 4320 368 4374 loquuturfideiis.
422 4322 457 4364 28.
473 4323 506 4364 A:
522 4325 544 4363 el
556 4322 591 4364 εἰς
604 4332 658 4364 non.
