3008 5026
697 390 867 442 tonsurus
886 390 1026 441 wreus
1236 373 1321 452 [can.
1335 386 1365 430 r.

370 546 493 610 illusus
526 546 586 630 pio
619 547 784 610 crederet
807 546 883 610 eius
911 546 1246 623 contradiccionem,
1270 546 1367 609 sicut

371 650 580 715 christianus
613 650 727 714 credit
757 651 928 734 implicite
960 670 1040 715 esse
1073 669 1214 728 verum;
1250 650 1365 714 etsie

372 762 518 838 oportet
556 764 740 837 utramque
782 763 915 819 sectam
952 753 1091 818 Urbani
1132 762 1168 817 et
1205 754 1366 817 Roberti

371 858 491 922 dicere
524 860 619 941 quod
656 858 793 941 reliqua
823 858 870 922 sit
900 858 1067 932 heretica,
1105 857 1187 941 quia
1225 857 1364 921 articuli

369 961 455 1024 fidei
477 982 550 1026 non
572 961 764 1025 limitantur
786 962 837 1026 sic
865 963 909 1025 ad
931 963 1023 1038 loca,
1056 972 1097 1024 ut
1125 961 1162 1024 in
1189 961 1256 1024 ista
1278 961 1389 1024 villai

370 1075 559 1130 teneantur
582 1067 679 1129 credi
703 1076 740 1130 et
762 1066 797 1129 in
820 1066 981 1149 proxima
996 1066 1079 1129 villa
1096 1065 1259 1130 discredi
1282 1065 1362 1129 Nec

369 1171 490 1234 valent
537 1170 754 1252 sophismata
795 1171 924 1253 quibus
967 1178 1135 1253 putantes
1177 1169 1362 1234 subtiliare

369 1273 530 1337 referunt
552 1276 649 1356 quod
674 1294 769 1358 papa
784 1283 908 1358 potest
923 1274 1041 1338 facere
1058 1293 1174 1338 novos
1192 1273 1363 1338 articulos

369 1377 454 1441 fidei
477 1386 514 1440 et
535 1398 602 1461 per
625 1398 851 1462 consequens
873 1379 992 1442 facere
1019 1377 1184 1461 antiquos
1208 1397 1363 1453 cessare,

370 1501 454 1564 ymo
487 1480 606 1544 facere
639 1482 848 1546 christianos
881 1481 996 1546 teneri
1028 1482 1177 1545 credere
1205 1481 1363 1556 falsitati,
1379 1502 1409 1536 ro

369 1585 452 1667 quia
483 1584 513 1647 si
541 1584 700 1667 quelibet
722 1585 854 1650 veritas
882 1585 928 1650 sit
956 1585 1123 1649 articulus
1149 1584 1244 1661 fidei,
1275 1594 1363 1647 tunc

370 1701 589 1752 sacramenta
620 1698 745 1772 potest
771 1689 900 1765 facere,
933 1708 1052 1753 novos
1080 1687 1245 1751 articulos
1277 1708 1363 1770 ymo

368 1811 505 1869 musca;
540 1793 605 1855 sed
638 1802 675 1856 et
704 1793 800 1855 illum
833 1792 1016 1856 articulum
1045 1791 1362 1874 sollempnizatum,

369 1896 466 1978 quod
482 1895 551 1959 iste
568 1895 614 1959 sit
629 1915 733 1979 papa,
748 1905 872 1979 potest
887 1896 1016 1959 nedum
1032 1894 1225 1977 imperator
1240 1894 1361 1959 facere

369 2001 428 2062 vel
453 2000 640 2076 electores,
664 2001 729 2063 sed
752 2001 1002 2083 quodcumque
1026 1998 1213 2061 animatum
1229 2001 1288 2062 vel
1312 2000 1361 2062 in·
1378 2006 1407 2057 15

369 2101 556 2165 animatum
579 2102 687 2166 fuerit
709 2104 753 2165 ad
776 2104 846 2165 hoc
869 2121 1028 2166 movens.
1053 2100 1127 2166 Sed
1152 2101 1361 2167 evidencius

369 2205 473 2282 foret,
506 2208 603 2289 quod
635 2206 714 2289 quis
744 2208 904 2289 rogando
936 2207 1053 2269 Deum
1092 2213 1130 2269 et
1167 2205 1361 2289 perficiens

368 2311 498 2392 papale
522 2310 688 2387 officium,
720 2310 826 2373 faciat
857 2310 1035 2392 seipsum
1064 2319 1101 2374 et
1123 2312 1204 2393 plus
1236 2309 1362 2373 timeat

369 2416 467 2496 quod
482 2433 657 2476 venenum
675 2414 817 2496 peccati
840 2432 944 2496 quam
967 2414 1065 2496 quod
1080 2433 1257 2476 venenum
1281 2432 1361 2476 cor·

369 2519 466 2602 poris
491 2526 695 2601 corrumpat
716 2518 822 2581 istum
846 2517 1035 2582 christiane
1058 2518 1142 2581 fidei
1164 2517 1407 2581 articulum.20

176 2630 337 2692 Erplicitqand
414 2622 455 2685 In
478 2621 547 2685 ista
569 2621 715 2685 materia
738 2621 813 2685 dixi
836 2621 920 2685 alias
939 2623 1121 2705 quomodo
1137 2622 1287 2704 quedam
1305 2632 1362 2685 est

202 2683 301 2778 ”didicit
371 2724 559 2789 credulitas
584 2725 752 2808 explicita
774 2726 833 2787 vel
856 2724 1032 2801 distincta,
1065 2733 1102 2787 et
1124 2724 1274 2807 quedam
1303 2736 1360 2788 est

371 2829 541 2912 implicita
556 2831 616 2892 vel
639 2827 801 2907 confusa,
826 2837 862 2891 et
876 2829 947 2893 isto
964 2829 1070 2891 modo
1088 2836 1230 2891 tenetur
1245 2828 1360 2894 omnis

369 2932 578 2996 christianus
589 2934 738 2995 credere
755 2933 912 3015 singulas
923 2932 1103 3008 veritates
1119 2931 1201 3015 quia
1215 2939 1361 2995 tenetur

370 3037 518 3099 credere
550 3036 667 3099 Deum
700 3056 792 3111 esse,
831 3037 928 3118 quod
961 3044 1017 3098 est
1050 3035 1164 3099 omnis
1189 3035 1193 3118 l
1218 3034 1360 3098 veritas.
1391 3039 1454 3093 226⁸

369 3140 450 3203 Hoc
490 3147 605 3203 autem
644 3139 757 3202 omnis
798 3139 913 3203 fidelis
957 3148 1100 3202 tenetur
1137 3158 1203 3221 pro
1243 3139 1359 3221 aliquo

368 3253 531 3326 tempore
551 3244 610 3307 vie
635 3243 803 3307 distincte
828 3245 986 3319 credere,
1012 3251 1049 3306 et
1071 3243 1122 3306 sic
1146 3243 1359 3326 quicumque

368 3347 404 3410 in
427 3348 544 3410 Deum
566 3347 718 3411 finaliter
741 3347 933 3411 crediderit
956 3347 1158 3424 salvabitur,
1192 3347 1260 3410 etsi
1286 3367 1359 3410 non

368 3452 450 3534 plus
484 3452 528 3514 de
561 3471 672 3534 grano
707 3451 853 3533 synapis
884 3450 1056 3515 habuerit.
1101 3450 1204 3515 Alios
1240 3460 1358 3513 autern

369 3565 516 3638 oportet
546 3558 628 3639 plus
661 3564 697 3619 et
729 3555 816 3619 alios
851 3555 965 3618 minus
997 3556 1042 3618 de
1080 3555 1151 3618 fide
1189 3554 1405 3618 distincte30

369 3661 517 3722 credere
542 3661 736 3724 secundum
757 3665 855 3742 quod
875 3662 955 3742 plus
972 3661 1029 3722 vel
1046 3659 1160 3723 minus
1176 3660 1221 3722 de
1238 3660 1360 3741 gracia

369 3762 413 3824 ad
435 3762 505 3825 hoc
529 3762 713 3843 obligante
735 3761 909 3824 habuerit.

420 4052 443 4095 6.
458 4051 681 4096 meretricantur.
735 4052 757 4095 8.
773 4050 848 4094 Codd.
865 4051 888 4094 ln
903 4063 988 4105 marga
1004 4051 1106 4094 Articuli
1118 4050 1245 4106 irouifidei
1255 4063 1270 4094 a
1283 4063 1357 4107 papa.

370 4119 403 4165 13.
418 4120 510 4171 liutem·
525 4120 561 4163 llic
575 4121 664 4176 aliquot
678 4120 747 4163 verba
762 4119 904 4166 exciderunt.
979 4131 1013 4164 ar.
1029 4119 1103 4164 Codd.
1124 4121 1148 4164 in
1164 4132 1250 4175 marga
1268 4120 1359 4165 Credu-

366 4190 421 4233 litas
434 4189 526 4245 duplex.

421 4310 462 4347 21.
481 4297 511 4347 E.
531 4313 555 4362 g.
575 4298 655 4349 Trial.
674 4315 699 4365 p.
718 4300 779 4362 413.
