<?xml version="1.0" encoding="UTF-8"?>
<!DOCTYPE html PUBLIC "-//W3C//DTD XHTML 1.0 Transitional//EN"
    "http://www.w3.org/TR/xhtml1/DTD/xhtml1-transitional.dtd">
<html xmlns="http://www.w3.org/1999/xhtml" xml:lang="en" lang="en">
 <head>
  <title>
</title>
<meta http-equiv="Content-Type" content="text/html;charset=utf-8" />
  <meta name='ocr-system' content='tesseract 3.04.00' />
  <meta name='ocr-capabilities' content='ocr_page ocr_carea ocr_par ocr_line ocrx_word'/>
</head>
<body>
  <div class='ocr_page' id='page_1' title='image "./johanniswyclift00mattgoog/johanniswyclift00mattgoog_0100.png"; bbox 0 0 3008 5026; ppageno 0'>
   <div class='ocr_carea' id='block_1_1' title="bbox 173 405 860 495">
    <p class='ocr_par' dir='ltr' id='par_1_1' title="bbox 173 405 860 495">
     <span class='ocr_line' id='line_1_1' title="bbox 173 405 860 495; baseline 0.007 -20"><span class='ocrx_word' id='word_1_1' title='bbox 173 420 237 466; x_wconf 67' lang='lat' dir='ltr'><strong>cat·</strong></span> <span class='ocrx_word' id='word_1_2' title='bbox 250 405 292 495; x_wconf 71' lang='lat' dir='ltr'><strong>u]</strong></span> <span class='ocrx_word' id='word_1_3' title='bbox 468 431 514 482; x_wconf 82' lang='lat' dir='ltr'><strong>ns</strong></span> <span class='ocrx_word' id='word_1_4' title='bbox 533 429 744 483; x_wconf 77' lang='lat' dir='ltr'><strong>norssrnre</strong></span> <span class='ocrx_word' id='word_1_5' title='bbox 763 430 860 480; x_wconf 73' lang='lat' dir='ltr'><strong>nnnc.</strong></span> 
     </span>
    </p>
   </div>
   <div class='ocr_carea' id='block_1_2' title="bbox 105 586 1376 4116">
    <p class='ocr_par' dir='ltr' id='par_1_2' title="bbox 105 586 1376 4116">
     <span class='ocr_line' id='line_1_2' title="bbox 173 586 1154 668; baseline 0.006 -22"><span class='ocrx_word' id='word_1_6' title='bbox 173 603 386 665; x_wconf 70' lang='lat' dir='ltr'><strong>sermonem,</strong></span> <span class='ocrx_word' id='word_1_7' title='bbox 419 596 457 650; x_wconf 91' lang='lat' dir='ltr'><strong>et</strong></span> <span class='ocrx_word' id='word_1_8' title='bbox 487 586 538 650; x_wconf 93' lang='lat' dir='ltr'><strong>sic</strong></span> <span class='ocrx_word' id='word_1_9' title='bbox 569 589 769 651; x_wconf 89' lang='lat' dir='ltr'><strong>habuerunt</strong></span> <span class='ocrx_word' id='word_1_10' title='bbox 801 587 958 668; x_wconf 89' lang='lat' dir='ltr'><strong>apostoli</strong></span> <span class='ocrx_word' id='word_1_11' title='bbox 989 587 1154 652; x_wconf 87' lang='lat' dir='ltr'><strong>alciorem</strong></span> 
     </span>
     <span class='ocr_line' id='line_1_3' title="bbox 172 688 1156 772; baseline 0.003 -20"><span class='ocrx_word' id='word_1_12' title='bbox 172 688 411 771; x_wconf 84' lang='lat' dir='ltr'>propheciam,</span> <span class='ocrx_word' id='word_1_13' title='bbox 456 690 672 756; x_wconf 83' lang='lat' dir='ltr'><strong>vivaciorem</strong></span> <span class='ocrx_word' id='word_1_14' title='bbox 716 699 754 754; x_wconf 92' lang='lat' dir='ltr'><strong>et</strong></span> <span class='ocrx_word' id='word_1_15' title='bbox 789 689 902 772; x_wconf 83' lang='lat' dir='ltr'><strong>magis</strong></span> <span class='ocrx_word' id='word_1_16' title='bbox 939 691 1156 756; x_wconf 82' lang='lat' dir='ltr'>fructiferam</span> 
     </span>
     <span class='ocr_line' id='line_1_4' title="bbox 158 786 1156 878; baseline 0.004 -23"><span class='ocrx_word' id='word_1_17' title='bbox 158 786 275 874; x_wconf 79' lang='lat' dir='ltr'><strong>&#39;quam</strong></span> <span class='ocrx_word' id='word_1_18' title='bbox 315 796 495 878; x_wconf 86' lang='lat' dir='ltr'><strong>prophete</strong></span> <span class='ocrx_word' id='word_1_19' title='bbox 537 795 671 861; x_wconf 88' lang='lat' dir='ltr'><strong>veteris</strong></span> <span class='ocrx_word' id='word_1_20' title='bbox 708 795 921 877; x_wconf 82' lang='lat' dir='ltr'><strong>testamenti,</strong></span> <span class='ocrx_word' id='word_1_21' title='bbox 974 804 1014 859; x_wconf 94' lang='lat' dir='ltr'><strong>ut</strong></span> <span class='ocrx_word' id='word_1_22' title='bbox 1054 805 1156 878; x_wconf 91' lang='lat' dir='ltr'><strong>patet</strong></span> 
     </span>
     <span class='ocr_line' id='line_1_5' title="bbox 172 896 1155 983; baseline 0.002 -23"><span class='ocrx_word' id='word_1_23' title='bbox 172 896 213 962; x_wconf 91' lang='lat'><strong>11.</strong></span> <span class='ocrx_word' id='word_1_24' title='bbox 228 897 328 961; x_wconf 86' lang='lat' dir='ltr'><strong>Petri</strong></span> <span class='ocrx_word' id='word_1_25' title='bbox 343 898 374 983; x_wconf 74' lang='lat'><strong>13</strong></span> <span class='ocrx_word' id='word_1_26' title='bbox 399 909 436 963; x_wconf 91' lang='lat' dir='ltr'><strong>et</strong></span> <span class='ocrx_word' id='word_1_27' title='bbox 450 899 537 964; x_wconf 93' lang='lat' dir='ltr'><strong>illud</strong></span> <span class='ocrx_word' id='word_1_28' title='bbox 552 901 661 965; x_wconf 89' lang='lat' dir='ltr'><strong>credo</strong></span> <span class='ocrx_word' id='word_1_29' title='bbox 677 920 759 964; x_wconf 81' lang='lat' dir='ltr'><strong>esse</strong></span> <span class='ocrx_word' id='word_1_30' title='bbox 780 919 984 982; x_wconf 89' lang='lat' dir='ltr'><strong>supremum</strong></span> <span class='ocrx_word' id='word_1_31' title='bbox 1000 899 1155 964; x_wconf 86' lang='lat' dir='ltr'><strong>officium</strong></span> 
     </span>
     <span class='ocr_line' id='line_1_6' title="bbox 152 1003 1154 1088; baseline 0.002 -22"><span class='ocrx_word' id='word_1_32' title='bbox 152 1003 414 1084; x_wconf 72' lang='lat' dir='ltr'><strong>§apostolorum</strong></span> <span class='ocrx_word' id='word_1_33' title='bbox 452 1005 496 1067; x_wconf 93' lang='lat' dir='ltr'><strong>ad</strong></span> <span class='ocrx_word' id='word_1_34' title='bbox 533 1015 635 1068; x_wconf 88' lang='lat' dir='ltr'><strong>extra</strong></span> <span class='ocrx_word' id='word_1_35' title='bbox 670 1014 757 1088; x_wconf 91' lang='lat' dir='ltr'><strong>post</strong></span> <span class='ocrx_word' id='word_1_36' title='bbox 793 1004 1041 1087; x_wconf 87' lang='lat' dir='ltr'><strong>sapiencialem</strong></span> <span class='ocrx_word' id='word_1_37' title='bbox 1076 1024 1154 1068; x_wconf 93' lang='lat' dir='ltr'><strong>con·</strong></span> 
     </span>
     <span class='ocr_line' id='line_1_7' title="bbox 172 1105 1155 1188; baseline 0.005 -21"><span class='ocrx_word' id='word_1_38' title='bbox 172 1105 442 1188; x_wconf 88' lang='lat' dir='ltr'><strong>templacionem</strong></span> <span class='ocrx_word' id='word_1_39' title='bbox 480 1110 525 1172; x_wconf 92' lang='lat' dir='ltr'><strong>ad</strong></span> <span class='ocrx_word' id='word_1_40' title='bbox 557 1109 656 1187; x_wconf 87' lang='lat' dir='ltr'><strong>intra,</strong></span> <span class='ocrx_word' id='word_1_41' title='bbox 693 1109 776 1173; x_wconf 90' lang='lat' dir='ltr'><strong>ideo</strong></span> <span class='ocrx_word' id='word_1_42' title='bbox 809 1107 968 1172; x_wconf 87' lang='lat' dir='ltr'><strong>Christus</strong></span> <span class='ocrx_word' id='word_1_43' title='bbox 1006 1119 1043 1173; x_wconf 87' lang='lat' dir='ltr'><strong>et</strong></span> <span class='ocrx_word' id='word_1_44' title='bbox 1079 1108 1155 1173; x_wconf 91' lang='lat' dir='ltr'><strong>eius</strong></span> 
     </span>
     <span class='ocr_line' id='line_1_8' title="bbox 173 1208 1157 1292; baseline 0.008 -22"><span class='ocrx_word' id='word_1_45' title='bbox 173 1208 322 1291; x_wconf 90' lang='lat' dir='ltr'><strong>apostoli</strong></span> <span class='ocrx_word' id='word_1_46' title='bbox 344 1210 516 1276; x_wconf 81' lang='lat' dir='ltr'><strong>instanter</strong></span> <span class='ocrx_word' id='word_1_47' title='bbox 539 1221 779 1277; x_wconf 86' lang='lat' dir='ltr'><strong>exercuerunt</strong></span> <span class='ocrx_word' id='word_1_48' title='bbox 808 1212 896 1277; x_wconf 91' lang='lat' dir='ltr'><strong>illud</strong></span> <span class='ocrx_word' id='word_1_49' title='bbox 923 1211 1087 1292; x_wconf 89' lang='lat' dir='ltr'><strong>officium,</strong></span> <span class='ocrx_word' id='word_1_50' title='bbox 1116 1222 1157 1278; x_wconf 92' lang='lat' dir='ltr'><strong>ut</strong></span> 
     </span>
     <span class='ocr_line' id='line_1_9' title="bbox 172 1314 1156 1396; baseline 0.005 -20"><span class='ocrx_word' id='word_1_51' title='bbox 172 1323 270 1396; x_wconf 90' lang='lat' dir='ltr'><strong>patet</strong></span> <span class='ocrx_word' id='word_1_52' title='bbox 303 1314 410 1378; x_wconf 92' lang='lat' dir='ltr'><strong>Marc.</strong></span> <span class='ocrx_word' id='word_1_53' title='bbox 442 1317 504 1382; x_wconf 83' lang='lat' dir='ltr'><strong>ult</strong></span> <span class='ocrx_word' id='word_1_54' title='bbox 537 1327 574 1381; x_wconf 90' lang='lat' dir='ltr'><strong>et</strong></span> <span class='ocrx_word' id='word_1_55' title='bbox 601 1316 628 1380; x_wconf 93' lang='grc' dir='ltr'><strong>Ι.</strong></span> <span class='ocrx_word' id='word_1_56' title='bbox 653 1315 810 1380; x_wconf 86' lang='lat' dir='ltr'><strong>Corinth.</strong></span> <span class='ocrx_word' id='word_1_57' title='bbox 833 1316 860 1382; x_wconf 94' lang='grc' dir='ltr'><strong>Ι.</strong></span> <span class='ocrx_word' id='word_1_58' title='bbox 898 1315 945 1380; x_wconf 87' lang='lat' dir='ltr'><strong>Et</strong></span> <span class='ocrx_word' id='word_1_59' title='bbox 976 1318 1021 1380; x_wconf 88' lang='lat' dir='ltr'><strong>ad</strong></span> <span class='ocrx_word' id='word_1_60' title='bbox 1051 1317 1156 1381; x_wconf 91' lang='lat' dir='ltr'><strong>istum</strong></span> 
     </span>
     <span class='ocr_line' id='line_1_10' title="bbox 173 1418 1155 1504; baseline 0.004 -24"><span class='ocrx_word' id='word_1_61' title='bbox 173 1436 314 1480; x_wconf 89' lang='lat' dir='ltr'><strong>sensum</strong></span> <span class='ocrx_word' id='word_1_62' title='bbox 329 1418 532 1504; x_wconf 83' lang='lat' dir='ltr'><strong>intelligunt</strong></span> <span class='ocrx_word' id='word_1_63' title='bbox 547 1419 688 1504; x_wconf 93' lang='lat' dir='ltr'><strong>quidam</strong></span> <span class='ocrx_word' id='word_1_64' title='bbox 703 1419 789 1484; x_wconf 89' lang='lat' dir='ltr'><strong>illud</strong></span> <span class='ocrx_word' id='word_1_65' title='bbox 805 1419 930 1484; x_wconf 89' lang='lat' dir='ltr'><strong>Matth.</strong></span> <span class='ocrx_word' id='word_1_66' title='bbox 943 1419 1087 1494; x_wconf 90' lang='lat' dir='ltr'>XXIII,</span> <span class='ocrx_word' id='word_1_67' title='bbox 1099 1441 1155 1500; x_wconf 76' lang='lat'><strong>34:</strong></span> 
     </span>
     <span class='ocr_line' id='line_1_11' title="bbox 141 1522 1158 1609; baseline 0.007 -24"><span class='ocrx_word' id='word_1_68' title='bbox 141 1522 254 1586; x_wconf 67' lang='lat' dir='ltr'><strong>loEcce</strong></span> <span class='ocrx_word' id='word_1_69' title='bbox 264 1537 326 1606; x_wconf 79' lang='lat' dir='ltr'><strong>ego</strong></span> <span class='ocrx_word' id='word_1_70' title='bbox 341 1527 437 1589; x_wconf 79' lang='lat' dir='ltr'><strong>mitto</strong></span> <span class='ocrx_word' id='word_1_71' title='bbox 453 1527 501 1589; x_wconf 85' lang='lat' dir='ltr'><strong>ad</strong></span> <span class='ocrx_word' id='word_1_72' title='bbox 516 1544 575 1589; x_wconf 87' lang='lat' dir='ltr'><strong>vos</strong></span> <span class='ocrx_word' id='word_1_73' title='bbox 585 1526 782 1609; x_wconf 58' lang='lat' dir='ltr'><strong>prophetas</strong></span> <span class='ocrx_word' id='word_1_74' title='bbox 797 1526 967 1608; x_wconf 78' lang='lat' dir='ltr'><strong>sapientes</strong></span> <span class='ocrx_word' id='word_1_75' title='bbox 981 1532 1011 1589; x_wconf 82' lang='lat' dir='ltr'><strong>et</strong></span> <span class='ocrx_word' id='word_1_76' title='bbox 1025 1527 1158 1592; x_wconf 79' lang='lat' dir='ltr'><strong>scribas</strong></span> 
     </span>
     <span class='ocr_line' id='line_1_12' title="bbox 173 1631 705 1712; baseline 0.004 -21"><span class='ocrx_word' id='word_1_77' title='bbox 173 1634 201 1692; x_wconf 82' lang='lat' dir='ltr'><strong>et</strong></span> <span class='ocrx_word' id='word_1_78' title='bbox 222 1631 396 1712; x_wconf 82' lang='lat' dir='ltr'><strong>apostolos</strong></span> <span class='ocrx_word' id='word_1_79' title='bbox 419 1635 448 1692; x_wconf 80' lang='lat' dir='ltr'><strong>et</strong></span> <span class='ocrx_word' id='word_1_80' title='bbox 470 1631 705 1710; x_wconf 77' lang='lat' dir='ltr'><strong>evangelistas.</strong></span> 
     </span>
     <span class='ocr_line' id='line_1_13' title="bbox 214 1732 1338 1817; baseline -0.001 -21"><span class='ocrx_word' id='word_1_81' title='bbox 214 1732 256 1797; x_wconf 93' lang='lat' dir='ltr'><strong>In</strong></span> <span class='ocrx_word' id='word_1_82' title='bbox 299 1733 411 1798; x_wconf 86' lang='lat' dir='ltr'><strong>tercio</strong></span> <span class='ocrx_word' id='word_1_83' title='bbox 454 1741 570 1797; x_wconf 89' lang='lat' dir='ltr'><strong>autem</strong></span> <span class='ocrx_word' id='word_1_84' title='bbox 611 1734 724 1817; x_wconf 76' lang='lat' dir='ltr'><strong>gradu</strong></span> <span class='ocrx_word' id='word_1_85' title='bbox 765 1742 847 1796; x_wconf 92' lang='lat' dir='ltr'><strong>sunt</strong></span> <span class='ocrx_word' id='word_1_86' title='bbox 889 1733 1058 1797; x_wconf 92' lang='lat' dir='ltr'><strong>doctores</strong></span> <span class='ocrx_word' id='word_1_87' title='bbox 1096 1732 1158 1817; x_wconf 93' lang='lat' dir='ltr'><strong>qui</strong></span> <span class='ocrx_word' id='word_1_88' title='bbox 1193 1753 1216 1801; x_wconf 86' lang='lat'><strong>3.</strong></span> <span class='ocrx_word' id='word_1_89' title='bbox 1230 1752 1338 1797; x_wconf 71' lang='lat' dir='ltr'><strong>necron.</strong></span> 
     </span>
     <span class='ocr_line' id='line_1_14' title="bbox 173 1837 1158 1921; baseline 0.001 -21"><span class='ocrx_word' id='word_1_90' title='bbox 173 1857 332 1901; x_wconf 88' lang='lat' dir='ltr'><strong>seorsum</strong></span> <span class='ocrx_word' id='word_1_91' title='bbox 359 1839 403 1902; x_wconf 88' lang='lat' dir='ltr'><strong>ad</strong></span> <span class='ocrx_word' id='word_1_92' title='bbox 430 1847 567 1921; x_wconf 88' lang='lat' dir='ltr'><strong>partem</strong></span> <span class='ocrx_word' id='word_1_93' title='bbox 592 1838 670 1901; x_wconf 89' lang='lat' dir='ltr'><strong>sive</strong></span> <span class='ocrx_word' id='word_1_94' title='bbox 692 1838 880 1901; x_wconf 82' lang='lat' dir='ltr'><strong>scolastice</strong></span> <span class='ocrx_word' id='word_1_95' title='bbox 912 1837 990 1901; x_wconf 88' lang='lat' dir='ltr'><strong>sive</strong></span> <span class='ocrx_word' id='word_1_96' title='bbox 1016 1837 1158 1921; x_wconf 88' lang='lat' dir='ltr'><strong>private</strong></span> 
     </span>
     <span class='ocr_line' id='line_1_15' title="bbox 174 1941 1158 2026; baseline 0.003 -22"><span class='ocrx_word' id='word_1_97' title='bbox 174 1942 306 2006; x_wconf 88' lang='lat' dir='ltr'><strong>docent</strong></span> <span class='ocrx_word' id='word_1_98' title='bbox 328 1943 605 2026; x_wconf 83' lang='lat' dir='ltr'><strong>evangeIIzatnm</strong></span> <span class='ocrx_word' id='word_1_99' title='bbox 623 1945 681 2006; x_wconf 88' lang='lat' dir='ltr'><strong>vel</strong></span> <span class='ocrx_word' id='word_1_100' title='bbox 704 1941 987 2025; x_wconf 86' lang='lat' dir='ltr'><strong>prophetizatum</strong></span> <span class='ocrx_word' id='word_1_101' title='bbox 1002 1941 1158 2024; x_wconf 91' lang='lat' dir='ltr'><strong>publice.</strong></span> 
     </span>
     <span class='ocr_line' id='line_1_16' title="bbox 142 2045 1159 2130; baseline 0.001 -23"><span class='ocrx_word' id='word_1_102' title='bbox 142 2045 219 2110; x_wconf 79' lang='lat' dir='ltr'><strong>15Et</strong></span> <span class='ocrx_word' id='word_1_103' title='bbox 240 2046 308 2110; x_wconf 92' lang='lat' dir='ltr'><strong>illis</strong></span> <span class='ocrx_word' id='word_1_104' title='bbox 334 2048 595 2130; x_wconf 88' lang='lat' dir='ltr'><strong>correspondet</strong></span> <span class='ocrx_word' id='word_1_105' title='bbox 627 2049 756 2111; x_wconf 91' lang='lat' dir='ltr'><strong>donum</strong></span> <span class='ocrx_word' id='word_1_106' title='bbox 788 2045 881 2123; x_wconf 91' lang='lat' dir='ltr'><strong>fidei,</strong></span> <span class='ocrx_word' id='word_1_107' title='bbox 913 2065 993 2109; x_wconf 91' lang='lat' dir='ltr'><strong>cum</strong></span> <span class='ocrx_word' id='word_1_108' title='bbox 1026 2047 1159 2109; x_wconf 88' lang='lat' dir='ltr'><strong>debent</strong></span> 
     </span>
     <span class='ocr_line' id='line_1_17' title="bbox 174 2149 1159 2233; baseline -0.002 -19"><span class='ocrx_word' id='word_1_109' title='bbox 174 2158 380 2214; x_wconf 86' lang='lat' dir='ltr'><strong>constanter</strong></span> <span class='ocrx_word' id='word_1_110' title='bbox 402 2152 534 2215; x_wconf 90' lang='lat' dir='ltr'><strong>docere</strong></span> <span class='ocrx_word' id='word_1_111' title='bbox 556 2152 663 2215; x_wconf 88' lang='lat' dir='ltr'><strong>rudes</strong></span> <span class='ocrx_word' id='word_1_112' title='bbox 686 2151 796 2215; x_wconf 87' lang='lat' dir='ltr'><strong>instar</strong></span> <span class='ocrx_word' id='word_1_113' title='bbox 819 2149 957 2227; x_wconf 82' lang='lat' dir='ltr'><strong>Christi,</strong></span> <span class='ocrx_word' id='word_1_114' title='bbox 980 2149 1041 2233; x_wconf 93' lang='lat' dir='ltr'><strong>qui</strong></span> <span class='ocrx_word' id='word_1_115' title='bbox 1063 2149 1159 2213; x_wconf 93' lang='lat' dir='ltr'><strong>domi</strong></span> 
     </span>
     <span class='ocr_line' id='line_1_18' title="bbox 175 2256 1159 2339; baseline -0.001 -21"><span class='ocrx_word' id='word_1_116' title='bbox 175 2257 326 2319; x_wconf 89' lang='lat' dir='ltr'><strong>docebat</strong></span> <span class='ocrx_word' id='word_1_117' title='bbox 368 2275 451 2320; x_wconf 89' lang='lat' dir='ltr'><strong>suas</strong></span> <span class='ocrx_word' id='word_1_118' title='bbox 492 2256 693 2339; x_wconf 90' lang='lat' dir='ltr'><strong>predicatas</strong></span> <span class='ocrx_word' id='word_1_119' title='bbox 734 2257 932 2339; x_wconf 88' lang='lat' dir='ltr'><strong>parabolas,</strong></span> <span class='ocrx_word' id='word_1_120' title='bbox 979 2264 1018 2318; x_wconf 91' lang='lat' dir='ltr'><strong>ut</strong></span> <span class='ocrx_word' id='word_1_121' title='bbox 1058 2263 1159 2338; x_wconf 91' lang='lat' dir='ltr'><strong>patet</strong></span> 
     </span>
     <span class='ocr_line' id='line_1_19' title="bbox 174 2358 367 2425; baseline 0.005 -2"><span class='ocrx_word' id='word_1_122' title='bbox 174 2360 279 2425; x_wconf 91' lang='lat' dir='ltr'><strong>Marc.</strong></span> <span class='ocrx_word' id='word_1_123' title='bbox 304 2358 367 2424; x_wconf 92' lang='lat' dir='ltr'><strong>IV.</strong></span> 
     </span>
     <span class='ocr_line' id='line_1_20' title="bbox 215 2462 1329 2550; baseline -0.002 -22"><span class='ocrx_word' id='word_1_124' title='bbox 215 2463 350 2529; x_wconf 91' lang='lat' dir='ltr'><strong>Habito</strong></span> <span class='ocrx_word' id='word_1_125' title='bbox 373 2465 492 2550; x_wconf 91' lang='lat' dir='ltr'><strong>itaque</strong></span> <span class='ocrx_word' id='word_1_126' title='bbox 515 2476 620 2548; x_wconf 87' lang='lat' dir='ltr'><strong>pastu</strong></span> <span class='ocrx_word' id='word_1_127' title='bbox 640 2465 771 2548; x_wconf 90' lang='lat' dir='ltr'><strong>triplici</strong></span> <span class='ocrx_word' id='word_1_128' title='bbox 794 2465 990 2529; x_wconf 91' lang='lat' dir='ltr'><strong>secundum</strong></span> <span class='ocrx_word' id='word_1_129' title='bbox 1012 2462 1158 2546; x_wconf 88' lang='lat' dir='ltr'><strong>primam</strong></span> <span class='ocrx_word' id='word_1_130' title='bbox 1207 2506 1229 2549; x_wconf 58' lang='grc' dir='ltr'><strong>Α</strong></span> <span class='ocrx_word' id='word_1_131' title='bbox 1243 2504 1329 2548; x_wconf 60' lang='lat' dir='ltr'><strong>„cond</strong></span> 
     </span>
     <span class='ocr_line' id='line_1_21' title="bbox 140 2558 1334 2654; baseline 0.003 -27"><span class='ocrx_word' id='word_1_132' title='bbox 140 2569 389 2652; x_wconf 75' lang='lat' dir='ltr'><strong>zoyerarchiam</strong></span> <span class='ocrx_word' id='word_1_133' title='bbox 420 2569 653 2653; x_wconf 89' lang='lat' dir='ltr'><strong>recipientem</strong></span> <span class='ocrx_word' id='word_1_134' title='bbox 677 2589 696 2631; x_wconf 93' lang='lat' dir='ltr'><strong>a</strong></span> <span class='ocrx_word' id='word_1_135' title='bbox 717 2569 798 2632; x_wconf 94' lang='lat' dir='ltr'><strong>Deo</strong></span> <span class='ocrx_word' id='word_1_136' title='bbox 831 2568 900 2633; x_wconf 92' lang='lat' dir='ltr'><strong>sibi</strong></span> <span class='ocrx_word' id='word_1_137' title='bbox 931 2578 1004 2633; x_wconf 87' lang='lat' dir='ltr'><strong>tres</strong></span> <span class='ocrx_word' id='word_1_138' title='bbox 1027 2568 1158 2651; x_wconf 77' lang='lat' dir='ltr'><strong>gradus</strong></span> <span class='ocrx_word' id='word_1_139' title='bbox 1204 2558 1334 2654; x_wconf 49' lang='grc' dir='ltr'><strong>ᾞξῗξξξοζ·</strong></span> 
     </span>
     <span class='ocr_line' id='line_1_22' title="bbox 175 2660 1351 2758; baseline -0.003 -21"><span class='ocrx_word' id='word_1_140' title='bbox 175 2673 426 2757; x_wconf 86' lang='lat' dir='ltr'><strong>exemplariter</strong></span> <span class='ocrx_word' id='word_1_141' title='bbox 463 2674 507 2736; x_wconf 92' lang='lat' dir='ltr'><strong>ad</strong></span> <span class='ocrx_word' id='word_1_142' title='bbox 544 2673 690 2756; x_wconf 88' lang='lat' dir='ltr'><strong>primam</strong></span> <span class='ocrx_word' id='word_1_143' title='bbox 722 2671 939 2755; x_wconf 90' lang='lat' dir='ltr'><strong>yerarchiam</strong></span> <span class='ocrx_word' id='word_1_144' title='bbox 978 2673 1157 2744; x_wconf 86' lang='lat' dir='ltr'><strong>celestem,</strong></span> <span class='ocrx_word' id='word_1_145' title='bbox 1195 2660 1351 2758; x_wconf 51' lang='lat' dir='ltr'><strong>ffimcbfficff</strong></span> 
     </span>
     <span class='ocr_line' id='line_1_23' title="bbox 175 2765 1357 2874; baseline -0.003 -33"><span class='ocrx_word' id='word_1_146' title='bbox 175 2787 435 2861; x_wconf 89' lang='lat' dir='ltr'><strong>consequenter</strong></span> <span class='ocrx_word' id='word_1_147' title='bbox 462 2777 566 2860; x_wconf 92' lang='lat' dir='ltr'><strong>ponit</strong></span> <span class='ocrx_word' id='word_1_148' title='bbox 597 2778 777 2859; x_wconf 92' lang='lat' dir='ltr'><strong>quomodo</strong></span> <span class='ocrx_word' id='word_1_149' title='bbox 811 2774 1025 2858; x_wconf 86' lang='lat' dir='ltr'><strong>suffragatur</strong></span> <span class='ocrx_word' id='word_1_150' title='bbox 1045 2774 1158 2838; x_wconf 89' lang='lat' dir='ltr'><strong>virtus</strong></span> <span class='ocrx_word' id='word_1_151' title='bbox 1181 2765 1357 2874; x_wconf 51' lang='lat' dir='ltr'><strong>{ihsss&#39;ssiiii‘y‘</strong></span> 
     </span>
     <span class='ocr_line' id='line_1_24' title="bbox 174 2869 1376 2963; baseline -0.002 -19"><span class='ocrx_word' id='word_1_152' title='bbox 174 2882 328 2948; x_wconf 87' lang='lat' dir='ltr'><strong>inferior.</strong></span> <span class='ocrx_word' id='word_1_153' title='bbox 343 2881 390 2945; x_wconf 90' lang='lat' dir='ltr'><strong>Et</strong></span> <span class='ocrx_word' id='word_1_154' title='bbox 405 2881 521 2946; x_wconf 91' lang='lat' dir='ltr'><strong>omnia</strong></span> <span class='ocrx_word' id='word_1_155' title='bbox 536 2881 603 2945; x_wconf 90' lang='lat' dir='ltr'><strong>ista</strong></span> <span class='ocrx_word' id='word_1_156' title='bbox 624 2881 848 2944; x_wconf 82' lang='lat' dir='ltr'><strong>manifestant</strong></span> <span class='ocrx_word' id='word_1_157' title='bbox 862 2880 1043 2963; x_wconf 89' lang='lat' dir='ltr'><strong>quomodo</strong></span> <span class='ocrx_word' id='word_1_158' title='bbox 1058 2880 1158 2943; x_wconf 91' lang='lat' dir='ltr'><strong>Deus</strong></span> <span class='ocrx_word' id='word_1_159' title='bbox 1168 2871 1262 2916; x_wconf 61' lang='lat'>“⁶⁰⁰⁸</span> <span class='ocrx_word' id='word_1_160' title='bbox 1280 2869 1376 2916; x_wconf 60' lang='lat' dir='ltr'><strong>”mm</strong></span> 
     </span>
     <span class='ocr_line' id='line_1_25' title="bbox 177 2983 1160 3069; baseline -0.004 -18"><span class='ocrx_word' id='word_1_161' title='bbox 177 2987 236 3069; x_wconf 91' lang='lat' dir='ltr'><strong>qui</strong></span> <span class='ocrx_word' id='word_1_162' title='bbox 259 2995 315 3050; x_wconf 88' lang='lat' dir='ltr'><strong>est</strong></span> <span class='ocrx_word' id='word_1_163' title='bbox 338 2986 482 3069; x_wconf 90' lang='lat' dir='ltr'><strong>spiritus</strong></span> <span class='ocrx_word' id='word_1_164' title='bbox 509 2985 630 3049; x_wconf 87' lang='lat' dir='ltr'><strong>rutilat</strong></span> <span class='ocrx_word' id='word_1_165' title='bbox 654 2985 751 3049; x_wconf 88' lang='lat' dir='ltr'><strong>varie</strong></span> <span class='ocrx_word' id='word_1_166' title='bbox 774 2984 810 3048; x_wconf 93' lang='lat' dir='ltr'><strong>in</strong></span> <span class='ocrx_word' id='word_1_167' title='bbox 832 2983 1033 3048; x_wconf 91' lang='lat' dir='ltr'><strong>hominibus</strong></span> <span class='ocrx_word' id='word_1_168' title='bbox 1057 2983 1160 3047; x_wconf 88' lang='lat' dir='ltr'><strong>donis</strong></span> 
     </span>
     <span class='ocr_line' id='line_1_26' title="bbox 141 3086 1159 3174; baseline 0.005 -26"><span class='ocrx_word' id='word_1_169' title='bbox 141 3091 259 3156; x_wconf 61' lang='lat' dir='ltr'><strong>esuis.</strong></span> <span class='ocrx_word' id='word_1_170' title='bbox 304 3089 406 3156; x_wconf 84' lang='lat' dir='ltr'><strong>Sicut</strong></span> <span class='ocrx_word' id='word_1_171' title='bbox 437 3090 528 3153; x_wconf 90' lang='lat' dir='ltr'><strong>enim</strong></span> <span class='ocrx_word' id='word_1_172' title='bbox 560 3090 677 3153; x_wconf 82' lang='lat' dir='ltr'><strong>fumus</strong></span> <span class='ocrx_word' id='word_1_173' title='bbox 708 3089 841 3153; x_wconf 89' lang='lat' dir='ltr'><strong>indicat</strong></span> <span class='ocrx_word' id='word_1_174' title='bbox 866 3088 987 3172; x_wconf 85' lang='lat' dir='ltr'><strong>ignem</strong></span> <span class='ocrx_word' id='word_1_175' title='bbox 1019 3108 1038 3152; x_wconf 89' lang='lat' dir='ltr'><strong>a</strong></span> <span class='ocrx_word' id='word_1_176' title='bbox 1066 3086 1159 3174; x_wconf 72' lang='lat' dir='ltr'><strong>quol</strong></span> 
     </span>
     <span class='ocr_line' id='line_1_27' title="bbox 105 3193 1162 3279; baseline -0.008 -15"><span class='ocrx_word' id='word_1_177' title='bbox 105 3207 150 3264; x_wconf 79' lang='lat'>¹7⁰·</span> <span class='ocrx_word' id='word_1_178' title='bbox 178 3195 336 3274; x_wconf 88' lang='lat' dir='ltr'><strong>efficitur,</strong></span> <span class='ocrx_word' id='word_1_179' title='bbox 359 3195 411 3259; x_wconf 92' lang='lat' dir='ltr'><strong>sic</strong></span> <span class='ocrx_word' id='word_1_180' title='bbox 434 3196 594 3279; x_wconf 88' lang='lat' dir='ltr'><strong>quelibet</strong></span> <span class='ocrx_word' id='word_1_181' title='bbox 618 3204 779 3259; x_wconf 84' lang='lat' dir='ltr'><strong>creatura</strong></span> <span class='ocrx_word' id='word_1_182' title='bbox 795 3195 931 3257; x_wconf 89' lang='lat' dir='ltr'><strong>habens</strong></span> <span class='ocrx_word' id='word_1_183' title='bbox 947 3193 1162 3257; x_wconf 90' lang='lat' dir='ltr'><strong>variabiliter</strong></span> 
     </span>
     <span class='ocr_line' id='line_1_28' title="bbox 176 3298 1161 3365; baseline -0.001 -3"><span class='ocrx_word' id='word_1_184' title='bbox 176 3302 293 3363; x_wconf 90' lang='lat' dir='ltr'><strong>lumen</strong></span> <span class='ocrx_word' id='word_1_185' title='bbox 325 3300 465 3365; x_wconf 88' lang='lat' dir='ltr'><strong>virtutis</strong></span> <span class='ocrx_word' id='word_1_186' title='bbox 504 3301 596 3365; x_wconf 92' lang='lat' dir='ltr'><strong>sicut</strong></span> <span class='ocrx_word' id='word_1_187' title='bbox 633 3299 751 3363; x_wconf 89' lang='lat' dir='ltr'><strong>radius</strong></span> <span class='ocrx_word' id='word_1_188' title='bbox 790 3298 875 3363; x_wconf 91' lang='lat' dir='ltr'><strong>dicit</strong></span> <span class='ocrx_word' id='word_1_189' title='bbox 911 3299 1037 3364; x_wconf 88' lang='lat' dir='ltr'><strong>lucem.</strong></span> <span class='ocrx_word' id='word_1_190' title='bbox 1072 3299 1161 3362; x_wconf 89' lang='lat' dir='ltr'><strong>Ideo</strong></span> 
     </span>
     <span class='ocr_line' id='line_1_29' title="bbox 177 3403 1162 3488; baseline -0.002 -20"><span class='ocrx_word' id='word_1_191' title='bbox 177 3405 378 3488; x_wconf 83' lang='lat' dir='ltr'><strong>Apostolus</strong></span> <span class='ocrx_word' id='word_1_192' title='bbox 420 3415 525 3470; x_wconf 90' lang='lat' dir='ltr'><strong>vocat</strong></span> <span class='ocrx_word' id='word_1_193' title='bbox 576 3407 643 3469; x_wconf 94' lang='lat' dir='ltr'><strong>hec</strong></span> <span class='ocrx_word' id='word_1_194' title='bbox 697 3406 790 3468; x_wconf 92' lang='lat' dir='ltr'><strong>dona</strong></span> <span class='ocrx_word' id='word_1_195' title='bbox 840 3403 1162 3467; x_wconf 87' lang='lat' dir='ltr'><strong>manifestacionem</strong></span> 
     </span>
     <span class='ocr_line' id='line_1_30' title="bbox 176 3508 1162 3592; baseline -0.002 -20"><span class='ocrx_word' id='word_1_196' title='bbox 176 3512 329 3592; x_wconf 79' lang='lat' dir='ltr'><strong>spiritus.</strong></span> <span class='ocrx_word' id='word_1_197' title='bbox 367 3511 439 3574; x_wconf 90' lang='lat' dir='ltr'><strong>Alii</strong></span> <span class='ocrx_word' id='word_1_198' title='bbox 471 3520 587 3575; x_wconf 89' lang='lat' dir='ltr'><strong>autem</strong></span> <span class='ocrx_word' id='word_1_199' title='bbox 623 3512 756 3574; x_wconf 91' lang='lat' dir='ltr'><strong>habent</strong></span> <span class='ocrx_word' id='word_1_200' title='bbox 793 3509 960 3572; x_wconf 87' lang='lat' dir='ltr'><strong>virtutem</strong></span> <span class='ocrx_word' id='word_1_201' title='bbox 993 3517 1032 3571; x_wconf 91' lang='lat' dir='ltr'><strong>ut</strong></span> <span class='ocrx_word' id='word_1_202' title='bbox 1062 3508 1162 3571; x_wconf 89' lang='lat' dir='ltr'><strong>Deus</strong></span> 
     </span>
     <span class='ocr_line' id='line_1_31' title="bbox 141 3611 1163 3698; baseline 0.002 -24"><span class='ocrx_word' id='word_1_203' title='bbox 141 3614 282 3677; x_wconf 72' lang='lat' dir='ltr'><strong>retaciat</strong></span> <span class='ocrx_word' id='word_1_204' title='bbox 312 3635 378 3698; x_wconf 90' lang='lat' dir='ltr'><strong>per</strong></span> <span class='ocrx_word' id='word_1_205' title='bbox 410 3635 473 3680; x_wconf 91' lang='lat' dir='ltr'><strong>eos</strong></span> <span class='ocrx_word' id='word_1_206' title='bbox 505 3615 688 3693; x_wconf 87' lang='lat' dir='ltr'><strong>mirabilia;</strong></span> <span class='ocrx_word' id='word_1_207' title='bbox 721 3633 787 3696; x_wconf 87' lang='lat' dir='ltr'><strong>per·</strong></span> <span class='ocrx_word' id='word_1_208' title='bbox 809 3614 878 3676; x_wconf 88' lang='lat' dir='ltr'><strong>hoc</strong></span> <span class='ocrx_word' id='word_1_209' title='bbox 902 3611 994 3676; x_wconf 88' lang='lat' dir='ltr'><strong>enim</strong></span> <span class='ocrx_word' id='word_1_210' title='bbox 1018 3612 1163 3696; x_wconf 90' lang='lat' dir='ltr'><strong>spiritus</strong></span> 
     </span>
     <span class='ocr_line' id='line_1_32' title="bbox 179 3718 1165 3802; baseline -0.004 -19"><span class='ocrx_word' id='word_1_211' title='bbox 179 3721 334 3802; x_wconf 89' lang='lat' dir='ltr'><strong>pascitur</strong></span> <span class='ocrx_word' id='word_1_212' title='bbox 366 3729 403 3785; x_wconf 91' lang='lat' dir='ltr'><strong>et</strong></span> <span class='ocrx_word' id='word_1_213' title='bbox 424 3720 536 3784; x_wconf 89' lang='lat' dir='ltr'><strong>virtus</strong></span> <span class='ocrx_word' id='word_1_214' title='bbox 559 3719 672 3783; x_wconf 92' lang='lat' dir='ltr'><strong>anime</strong></span> <span class='ocrx_word' id='word_1_215' title='bbox 694 3721 894 3793; x_wconf 89' lang='lat' dir='ltr'><strong>roboratur,</strong></span> <span class='ocrx_word' id='word_1_216' title='bbox 928 3718 994 3781; x_wconf 92' lang='lat' dir='ltr'><strong>sed</strong></span> <span class='ocrx_word' id='word_1_217' title='bbox 1015 3719 1084 3780; x_wconf 91' lang='lat' dir='ltr'><strong>hoc</strong></span> <span class='ocrx_word' id='word_1_218' title='bbox 1108 3726 1165 3780; x_wconf 90' lang='lat' dir='ltr'><strong>est</strong></span> 
     </span>
     <span class='ocr_line' id='line_1_33' title="bbox 179 3821 1164 3910; baseline -0.004 -23"><span class='ocrx_word' id='word_1_219' title='bbox 179 3825 354 3889; x_wconf 93' lang='lat' dir='ltr'><strong>modicum</strong></span> <span class='ocrx_word' id='word_1_220' title='bbox 377 3825 413 3888; x_wconf 91' lang='lat' dir='ltr'><strong>in</strong></span> <span class='ocrx_word' id='word_1_221' title='bbox 436 3824 706 3910; x_wconf 92' lang='lat' dir='ltr'><strong>comparacione</strong></span> <span class='ocrx_word' id='word_1_222' title='bbox 730 3825 775 3886; x_wconf 89' lang='lat' dir='ltr'><strong>ad</strong></span> <span class='ocrx_word' id='word_1_223' title='bbox 797 3822 925 3906; x_wconf 90' lang='lat' dir='ltr'><strong>priora,</strong></span> <span class='ocrx_word' id='word_1_224' title='bbox 949 3821 1041 3886; x_wconf 90' lang='lat' dir='ltr'><strong>sicut</strong></span> <span class='ocrx_word' id='word_1_225' title='bbox 1056 3821 1164 3884; x_wconf 91' lang='lat' dir='ltr'><strong>modi·</strong></span> 
     </span>
     <span class='ocr_line' id='line_1_34' title="bbox 181 3924 1164 4013; baseline -0.004 -21"><span class='ocrx_word' id='word_1_226' title='bbox 181 3949 257 3993; x_wconf 91' lang='lat' dir='ltr'><strong>cum</strong></span> <span class='ocrx_word' id='word_1_227' title='bbox 281 3929 327 3993; x_wconf 88' lang='lat' dir='ltr'><strong>sit</strong></span> <span class='ocrx_word' id='word_1_228' title='bbox 350 3932 447 4012; x_wconf 93' lang='lat' dir='ltr'><strong>quod</strong></span> <span class='ocrx_word' id='word_1_229' title='bbox 467 3927 621 4013; x_wconf 84' lang='lat' dir='ltr'><strong>Spiritus</strong></span> <span class='ocrx_word' id='word_1_230' title='bbox 638 3926 791 3992; x_wconf 89' lang='lat' dir='ltr'><strong>Sanctus</strong></span> <span class='ocrx_word' id='word_1_231' title='bbox 808 3924 971 4009; x_wconf 88' lang='lat' dir='ltr'><strong>apparuit</strong></span> <span class='ocrx_word' id='word_1_232' title='bbox 991 3925 1164 4009; x_wconf 90' lang='lat' dir='ltr'><strong>apostolis</strong></span> 
     </span>
     <span class='ocr_line' id='line_1_35' title="bbox 180 4029 1162 4116; baseline -0.003 -20"><span class='ocrx_word' id='word_1_233' title='bbox 180 4033 214 4096; x_wconf 92' lang='lat' dir='ltr'><strong>in</strong></span> <span class='ocrx_word' id='word_1_234' title='bbox 241 4033 371 4116; x_wconf 82' lang='lat' dir='ltr'><strong>linguis</strong></span> <span class='ocrx_word' id='word_1_235' title='bbox 402 4033 529 4116; x_wconf 83' lang='lat' dir='ltr'><strong>igneis,</strong></span> <span class='ocrx_word' id='word_1_236' title='bbox 561 4033 628 4097; x_wconf 89' lang='lat' dir='ltr'><strong>nisi</strong></span> <span class='ocrx_word' id='word_1_237' title='bbox 660 4051 724 4096; x_wconf 90' lang='lat' dir='ltr'><strong>eos</strong></span> <span class='ocrx_word' id='word_1_238' title='bbox 756 4031 969 4095; x_wconf 89' lang='lat' dir='ltr'><strong>illustrasset</strong></span> <span class='ocrx_word' id='word_1_239' title='bbox 998 4029 1162 4109; x_wconf 90' lang='lat' dir='ltr'><strong>interius;</strong></span> 
     </span>
    </p>
   </div>
   <div class='ocr_carea' id='block_1_3' title="bbox 184 4304 1165 4432">
    <p class='ocr_par' dir='ltr' id='par_1_3' title="bbox 184 4304 1165 4432">
     <span class='ocr_line' id='line_1_36' title="bbox 234 4304 1165 4363; baseline -0.006 -12"><span class='ocrx_word' id='word_1_240' title='bbox 234 4318 268 4351; x_wconf 85' lang='grc' dir='ltr'><strong>ιο.</strong></span> <span class='ocrx_word' id='word_1_241' title='bbox 283 4306 313 4349; x_wconf 84' lang='lat' dir='ltr'><strong>B:</strong></span> <span class='ocrx_word' id='word_1_242' title='bbox 327 4307 474 4363; x_wconf 71' lang='lat' dir='ltr'><strong>propheciae.</strong></span> <span class='ocrx_word' id='word_1_243' title='bbox 531 4320 564 4351; x_wconf 77' lang='grc' dir='ltr'><strong>η.</strong></span> <span class='ocrx_word' id='word_1_244' title='bbox 579 4309 601 4350; x_wconf 82' lang='grc' dir='ltr'><strong>Α</strong></span> <span class='ocrx_word' id='word_1_245' title='bbox 616 4307 639 4350; x_wconf 90' lang='lat' dir='ltr'><strong>in</strong></span> <span class='ocrx_word' id='word_1_246' title='bbox 655 4318 742 4361; x_wconf 56' lang='lat' dir='ltr'><strong>murga</strong></span> <span class='ocrx_word' id='word_1_247' title='bbox 760 4306 860 4355; x_wconf 51' lang='lat' dir='ltr'><strong>terrram·</strong></span> <span class='ocrx_word' id='word_1_248' title='bbox 878 4306 908 4349; x_wconf 87' lang='lat' dir='ltr'><strong>ib.</strong></span> <span class='ocrx_word' id='word_1_249' title='bbox 925 4306 953 4349; x_wconf 84' lang='lat' dir='ltr'><strong>B:</strong></span> <span class='ocrx_word' id='word_1_250' title='bbox 972 4305 1079 4348; x_wconf 72' lang='lat' dir='ltr'><strong>doctores</strong></span> <span class='ocrx_word' id='word_1_251' title='bbox 1093 4304 1165 4346; x_wconf 81' lang='lat' dir='ltr'><strong>deest.</strong></span> 
     </span>
     <span class='ocr_line' id='line_1_37' title="bbox 184 4374 950 4432; baseline -0.001 -13"><span class='ocrx_word' id='word_1_252' title='bbox 184 4375 219 4420; x_wconf 77' lang='lat'><strong>25.</strong></span> <span class='ocrx_word' id='word_1_253' title='bbox 234 4379 268 4420; x_wconf 75' lang='lat' dir='ltr'><strong>A:</strong></span> <span class='ocrx_word' id='word_1_254' title='bbox 282 4378 317 4420; x_wconf 78' lang='lat' dir='ltr'><strong>sic</strong></span> <span class='ocrx_word' id='word_1_255' title='bbox 330 4376 398 4420; x_wconf 78' lang='lat' dir='ltr'><strong>enim.</strong></span> <span class='ocrx_word' id='word_1_256' title='bbox 454 4389 490 4432; x_wconf 84' lang='lat'><strong>29.</strong></span> <span class='ocrx_word' id='word_1_257' title='bbox 507 4377 548 4420; x_wconf 84' lang='lat' dir='ltr'><strong>AB</strong></span> <span class='ocrx_word' id='word_1_258' title='bbox 563 4376 586 4420; x_wconf 90' lang='lat' dir='ltr'><strong>in</strong></span> <span class='ocrx_word' id='word_1_259' title='bbox 601 4388 688 4431; x_wconf 80' lang='lat' dir='ltr'><strong>marg.:</strong></span> <span class='ocrx_word' id='word_1_260' title='bbox 703 4375 826 4421; x_wconf 80' lang='lat' dir='ltr'><strong>lerarcht&#39;a</strong></span> <span class='ocrx_word' id='word_1_261' title='bbox 839 4374 950 4419; x_wconf 72' lang='lat' dir='ltr'><strong>secunda.</strong></span> 
     </span>
    </p>
   </div>
   <div class='ocr_carea' id='block_1_4' title="bbox 0 0 1510 5026">
    <p class='ocr_par' dir='ltr' id='par_1_4' title="bbox 0 0 1510 5026">
     <span class='ocr_line' id='line_1_38' title="bbox 0 0 1510 5026; baseline 0 0"><span class='ocrx_word' id='word_1_262' title='bbox 0 0 1510 5026; x_wconf 95' lang='lat' dir='ltr'><strong> </strong></span> 
     </span>
    </p>
   </div>
  </div>
 </body>
</html>
