3008 5026
193 403 259 449 cap.
273 387 316 477 u]
489 406 534 457 os
556 407 766 458 eoresrnre
787 408 884 457 PAPE.

192 563 320 626 Petrus
354 566 465 627 debet
496 563 616 627 facere
648 565 727 644 hoc,
758 564 844 626 licet
876 584 947 626 non
979 564 1025 626 sit
1047 584 1181 639 verum,

193 668 288 750 quod
310 669 379 733 hoc
402 668 496 751 facit,
522 677 559 731 et
581 688 647 751 per
671 687 898 750 consequens
919 687 991 731 non
1006 668 1181 732 intentum

192 772 249 834 vel
270 772 418 835 volitum
443 792 462 834 a
485 771 575 837 Deo,

232 876 279 939 Et
309 886 410 959 patet
442 878 541 960 quod
573 896 642 939 non
678 883 870 939 excusatur
902 876 966 938 sed
995 884 1181 940 accusatur
1225 908 1372 969 lpum

170 980 307 1045 socium
336 984 562 1045 sacerdotum
590 981 732 1045 dicente
755 981 952 1063 Apostolo:
982 981 1182 1045 Hortamur
1221 967 1367 1055 cossffid

191 1106 249 1150 vos
279 1106 320 1151 ne
353 1089 389 1149 in
421 1106 572 1151 uacuum
600 1088 765 1169 graciam
788 1086 852 1149 Dei
874 1088 1060 1168 recipiatis,
1099 1085 1181 1168 Qui·
1218 1065 1248 1120 bi
1262 1064 1297 1109 ⁵¹·
1313 1065 1376 1109 ''²¹¹'‘

192 1210 331 1274 cunque
349 1190 442 1255 enim
458 1191 608 1275 aliquam
624 1199 843 1275 potestatem
861 1192 975 1253 aDeo
991 1191 1181 1274 receperit,

190 1314 256 1378 per
287 1315 392 1378 quam
423 1296 532 1360 liceat
569 1295 638 1359 sibi
670 1315 763 1378 opus
795 1294 865 1358 Dei
902 1295 1020 1358 facere
1060 1306 1097 1360 et
1135 1317 1181 1360 ex

191 1399 415 1483 negligencia
445 1399 687 1483 pretermittit,
719 1400 754 1462 in
777 1420 906 1462 vanum
934 1398 1089 1481 graciam
1111 1401 1182 1464 Dei

155 1504 326 1588 rorecipit.
349 1505 397 1568 Et
418 1505 454 1568 in
470 1506 539 1568 hoc
552 1504 728 1568 imitamur
745 1523 820 1584 eos,
845 1503 905 1586 qui
922 1524 969 1566 ex
989 1504 1181 1569 omissione

191 1608 362 1673 instanter
384 1609 566 1693 operando
590 1611 724 1672 bonum
742 1617 986 1691 peccaverunt
1002 1609 1179 1675 continue.

232 1712 274 1776 In
305 1714 374 1776 hoc
407 1722 526 1776 tamen
565 1722 620 1777 est
653 1712 788 1796 duplex
822 1715 936 1795 culpa,
974 1713 1086 1796 prima
1124 1723 1180 1778 est
1215 1725 1373 1770 Theronis

190 1816 415 1900 negligencia
430 1823 648 1900 potentatus,
660 1824 697 1880 et
713 1816 871 1879 secunda
887 1816 1006 1898 maior,
1019 1817 1179 1882 crebrior
1212 1843 1229 1873 1-
1243 1778 1379 1886 iiiiiieice

191 1931 226 1985 et
241 1921 478 2005 periculosior
494 1931 548 1985 est
564 1920 706 1984 vetacio
724 1922 879 1992 sathane,
898 1940 969 2003 qua
984 1923 1179 1985 adversans
1207 1882 1386 1989 iivihiffwii‘)

154 2026 337 2110 15impedit
369 2047 414 2089 ne
447 2033 657 2109 potentatus
681 2033 850 2088 exerceat
875 2032 1108 2108 potestatem
1144 2034 1180 2088 et

188 2133 255 2195 hoc
296 2129 472 2212 contingit
508 2149 574 2213 per
611 2129 705 2192 mille
743 2129 932 2192 meandros
975 2128 1179 2192 tradicionis

188 2238 347 2317 humane,
371 2243 409 2297 et
431 2233 634 2317 specialiter
656 2254 723 2317 per
745 2234 829 2297 ficta
852 2234 896 2296 de
921 2232 1180 2299 iurisdiccione.

189 2339 338 2422 Quando
363 2345 478 2401 autem
503 2359 573 2402 non
599 2347 671 2401 stat
693 2359 760 2421 per
781 2339 877 2402 illum
895 2338 955 2421 qui
978 2337 1178 2401 immediate
1198 2366 1220 2397 ι.
1233 2353 1383 2414 ,Ηῑῃαῃιηρεῡ

187 2447 296 2507 habet
325 2450 542 2526 potestatem
578 2444 641 2505 sed
665 2463 731 2526 per
754 2442 858 2505 alium
885 2442 1178 2506 irracionabiliter
1193 2407 1386 2459 ⁰s¹⁰⁰⁸⁶¹⁰¹¹⁰⁰'

148 2547 471 2630 zorestringentem
495 2556 579 2610 tunc
602 2567 675 2610 non
698 2546 767 2611 sibi
791 2548 856 2610 sed
875 2547 932 2610 alii
949 2556 1003 2610 est
1019 2546 1177 2610 debitum

187 2652 446 2735 imputandum;
471 2653 537 2714 sed
559 2653 628 2714 hoc
652 2671 730 2714 raro
756 2651 942 2734 contingit,
971 2672 1048 2715 cum
1073 2672 1178 2714 causa

186 2755 331 2820 martirii
360 2756 456 2819 foret
486 2755 664 2819 hominem
698 2776 737 2819 se
761 2776 946 2839 exponere
970 2777 1037 2839 pro
1062 2756 1177 2819 distri·

186 2859 339 2923 bucione
362 2861 532 2944 prudenti
554 2860 712 2924 thesauri
734 2860 888 2925 Domini.

229 2964 332 3028 Unde
357 2965 499 3029 videtur
521 2965 651 3044 multiS,
684 2967 782 3049 quod
805 2967 906 3029 Deus
931 2986 1003 3028 non
1026 2965 1180 3030 intendit

145 3078 224 3134 25ut
246 3077 378 3152 potens
401 3069 507 3133 faciat
528 3071 600 3134 tale
623 3090 730 3154 opus;
754 3090 822 3133 nec
837 3071 947 3133 habet
961 3079 1178 3153 potestatem

186 3174 230 3235 ad
261 3174 341 3254 hoc,
375 3176 440 3237 sed
470 3176 580 3238 habet
611 3183 831 3258 potestatem
863 3183 902 3237 ut
929 3184 1108 3238 mereatur
1131 3195 1178 3237 ex

105 3289 158 3342 166⁶
184 3278 254 3341 hoc
287 3279 386 3360 quod
413 3276 537 3342 nititur
559 3281 603 3342 ad
636 3280 687 3342 sic
712 3281 900 3363 agendum.
939 3278 1013 3342 Alii
1033 3277 1037 3363 Ι
1059 3287 1176 3342 autem

186 3381 308 3446 dicunt
339 3384 437 3465 quod
468 3385 579 3448 habet
610 3394 830 3468 potestatem
862 3394 1032 3448 remotam
1057 3384 1101 3447 ad
1125 3383 1176 3447 sic

185 3485 396 3570 faciendum,
433 3489 502 3550 hoc
541 3497 606 3565 est,
645 3499 863 3572 potestatem
902 3489 1066 3570 mediate,
1108 3508 1178 3571 qua

142 3598 308 3670 3opotest
336 3590 387 3653 sic
414 3591 544 3673 facere,
579 3601 616 3655 et
647 3601 765 3656 tamen
788 3593 889 3657 Deus
921 3613 992 3656 non
1024 3593 1177 3656 intendit

186 3692 392 3776 simpliciter
427 3697 525 3777 quod
562 3695 612 3759 ita
648 3696 766 3773 faciet,
805 3708 843 3762 et
880 3699 931 3761 sic
967 3699 1078 3760 habet
1114 3718 1176 3781 po·

185 3804 351 3860 testatem
384 3797 436 3862 sic
468 3799 629 3881 faciendi,
662 3803 726 3864 sed
758 3822 831 3865 non
863 3804 908 3865 ad
934 3803 1038 3865 finem
1063 3810 1102 3865 ut
1125 3801 1176 3864 sic

185 3899 299 3964 faciat

239 4203 273 4236 ιο.
289 4191 320 4236 B:
336 4197 359 4236 et
373 4193 445 4237 deest.
503 4207 533 4238 ιι.
548 4194 653 4239 Rectius:
668 4194 791 4253 operandi.

240 4335 262 4388 5·
282 4336 310 4385 ll.
330 4336 390 4388 Cor.
405 4337 447 4403 Vl,
465 4353 485 4386 r.
