3008 5026
132 419 198 463 cnr.
215 383 266 491 n]
429 421 473 470 ns
493 420 705 471 Potestne
725 421 826 473 enee.

130 580 205 641 vino
216 579 356 659 deditos,
373 597 439 641 non
455 583 555 658 turpe
570 579 708 656 lucrum
718 583 888 642 sectantes.
904 577 952 658 Si,
967 577 1120 658 inquam,

132 683 223 745 inter
238 681 397 744 ordinem
414 680 655 764 episcopalem
672 689 710 745 et
725 681 884 745 ordinem
901 683 1121 764 dyaconatus

132 787 226 850 foret
249 786 337 849 ordo
361 786 508 869 medius,
531 785 599 851 iste
622 805 772 869 magnus
795 788 923 850 doctor
944 785 1120 869 gencium,

133 891 192 973 qui
215 891 394 974 complete
419 899 455 953 et
477 891 669 955 Inmediate
693 890 915 977 evangelium
941 910 1042 954 suum
1066 889 1121 952 di-

108 996 217 1059 5dicit
257 1016 277 1058 a
317 995 472 1058 Domino
510 995 618 1059 Ihesu
652 995 804 1073 Christo,
842 1004 881 1060 ut
914 1003 1015 1079 patet
1047 993 1122 1060 Gal.

132 1099 256 1181 primo,
281 1098 549 1163 distinccionem
573 1108 610 1162 et
632 1100 774 1182 regulas
793 1098 886 1163 illius
903 1097 1034 1162 ordinis
1049 1117 1121 1161 non

131 1202 425 1285 pretermisisset;
455 1224 537 1286 ymo
566 1222 739 1285 nusquam
766 1203 802 1266 in
831 1203 984 1286 epistola
1008 1202 1121 1284 aliqua

131 1307 233 1388 ponit
265 1307 534 1371 distinccionem
566 1306 704 1371 illorum
732 1306 903 1387 ordinum,
935 1307 1001 1370 sed
1033 1326 1120 1369 con-

132 1411 242 1474 cludit
272 1412 506 1494 presbiteros,
539 1412 748 1475 sacerdotes
777 1420 814 1474 et
837 1411 1029 1493 episcopos
1053 1412 1120 1472 sub

91 1515 271 1578 ronomine
310 1515 472 1598 apostoli,
511 1535 616 1597 quem
651 1517 801 1597 gradum
839 1513 991 1577 ecclesie
1029 1514 1122 1578 inter

131 1640 259 1683 novem
292 1620 451 1684 nominat
482 1621 631 1703 primum
664 1630 840 1703 tamquam
867 1619 1121 1701 dignissimum,

132 1733 170 1788 ut
197 1734 297 1808 patet
325 1725 351 1789 I.
377 1724 454 1788 Cor.
478 1724 562 1789 XII.
599 1725 646 1788 Et
672 1725 765 1788 idem
794 1724 879 1787 dicit
900 1724 1033 1806 Ephes.
1058 1723 1121 1787 IV.

130 1828 235 1892 Unde
269 1839 306 1893 et
336 1829 422 1892 illud
452 1838 629 1892 testantur
652 1828 709 1892 alii
732 1829 847 1892 sancti
870 1828 1050 1908 doctores,
1083 1835 1123 1891 ut

131 1941 232 2015 patet
246 1932 280 1995 in
297 1933 461 2010 decretis,
485 1931 719 1996 distinccione
736 1932 860 1997 XCIII
876 1932 1039 2014 Legimus
1054 1933 1121 1995 sub

89 2037 340 2100 15auctoritate
367 2037 545 2117 Jeronimi,
578 2037 639 2100 ubi
672 2038 869 2121 allegantur
900 2037 993 2099 dicta
1024 2034 1121 2099 testi·

131 2142 245 2204 monia
266 2141 435 2224 Apostoli
467 2143 512 2204 ad
543 2142 637 2204 hunc
670 2161 822 2206 sensum.
867 2142 914 2204 Et
937 2140 1122 2203 adducitur

131 2247 266 2329 duplex
290 2247 383 2310 aliud
406 2246 656 2326 testimonium,
678 2247 828 2329 primum
850 2246 936 2309 illud
952 2242 1122 2327 Apostoli

131 2351 218 2415 Phil.
246 2350 374 2433 primo:
402 2351 535 2415 Paulus
562 2355 592 2413 et
619 2351 847 2432 Tlurmolheus,
872 2369 992 2414 servus
1017 2349 1120 2413 lliesu

134 2454 270 2536 Cln’isti,
304 2457 460 2520 omnibus
490 2457 619 2520 sanctis
649 2458 708 2536 qui
738 2461 818 2518 sunt
842 2454 1012 2536 Philippis
1043 2473 1120 2517 cnm

87 2587 121 2620 20
132 2561 297 2641 episcopis
319 2566 348 2623 el
371 2562 586 2640 dyaconibus.
614 2558 817 2623 Secundum
842 2559 1042 2640 exemplum
1066 2567 1122 2621 est

132 2664 265 2728 dictum
288 2665 388 2728 Petri
411 2665 434 2727 I.
461 2666 537 2729 Pet.
554 2664 596 2746 V,
625 2686 650 2745 1,
676 2685 709 2726 2:
746 2662 905 2727 Seniores
927 2665 1042 2745 igitur,
1064 2664 1123 2743 qui

131 2772 167 2832 in
200 2770 292 2833 vobis
321 2775 400 2832 sunt
422 2771 567 2850 obsecro,
598 2769 778 2833 consenior
809 2774 838 2831 el
869 2769 963 2831 testis
996 2766 1123 2834 Christi

128 2875 342 2955 passionum,
369 2876 501 2956 pascite
533 2876 592 2956 qui
623 2876 659 2936 in
693 2875 783 2937 uobis
815 2879 862 2938 est
881 2886 1022 2954 gregem
1047 2872 1121 2935 Dei.

133 2978 203 3041 Per
231 2977 394 3040 seniores
422 2977 588 3060 intelligit
610 2977 677 3040 iste
706 2986 849 3041 sanctus
873 2996 951 3040 curn
975 2977 1121 3039 decreto

89 3082 366 3164 25presbiteros,
403 3083 532 3164 quibus
569 3081 791 3145 interdicitur
827 3081 1037 3144 dominatus.
1076 3080 1122 3143 Et

134 3185 365 3249 distinccione
381 3186 486 3250 XCV
506 3185 605 3267 Olym
629 3189 696 3250 sub
713 3185 923 3249 auctoritate
939 3184 1123 3266 Jeronymi

133 3291 185 3353 sic
207 3290 375 3353 recitatur
397 3291 620 3373 expressius:
649 3290 748 3372 Olym
771 3293 861 3354 idem
874 3291 1042 3373 presbiter
1063 3291 1122 3370 qui

133 3401 163 3458 et
178 3397 361 3478 episcopus,
385 3400 415 3459 et
426 3402 611 3478 uretequam
627 3397 787 3460 iustiuctu
802 3396 939 3476 dyaboli
954 3396 1069 3458 studia
1085 3395 1120 3457 in

134 3501 297 3581 religione
310 3500 438 3580 fierent
461 3505 491 3563 et
512 3503 683 3565 diceretur
705 3503 741 3564 in
765 3502 921 3583 populis:
942 3499 1014 3582 Ego
1042 3518 1120 3563 sum

90 3616 123 3666 30
132 3605 245 3684 Pauli,
269 3616 329 3685 ego
352 3623 430 3668 sum
453 3605 586 3686 Apollo,
614 3618 673 3686 ego
698 3624 776 3669 sum
803 3605 920 3686 Cepbe,
947 3604 1123 3667 communi

132 3710 272 3772 consilio
285 3709 553 3790 presbiterorum
571 3711 703 3773 ecclesie
715 3710 1005 3791 gerbernabantur.
1017 3705 1121 3789 Sicut,

132 3812 256 3895 inquit,
275 3814 458 3896 presbiteri
479 3815 591 3877 sciunt
612 3834 648 3878 se
672 3832 742 3878 esse
765 3834 802 3877 er
824 3815 957 3878 ecclesie
979 3831 1120 3877 consue·

38 3925 105 3995 αιι,ι
133 3919 248 3980 tudine
268 3918 273 3998 Ι
293 3919 333 3997 ei,
355 3920 415 3999 qui
428 3919 493 3981 sibi
505 3920 701 4001 prepositus
715 3918 839 4000 suerit,
862 3936 933 3982 esse
947 3917 1121 3999 subiectoS,

135 4023 182 4084 ila
205 4023 354 4105 episcopi
376 4024 530 4086 noverint
553 4043 589 4086 se
611 4024 727 4104 magis
753 4023 994 4086 consuetudine
1015 4040 1120 4103 qnam

190 4281 229 4328 ¹4·
249 4266 324 4316 ltecr.
337 4265 425 4316 Primr
438 4280 505 4332 pers,
526 4264 590 4319 Ilist.
603 4258 691 4326 XClll,
711 4279 767 4330 cup.
782 4263 871 4314 XXIV.
945 4261 983 4315 18.
1003 4262 1051 4317 Pil.
1064 4261 1083 4330 l,
1100 4277 1121 4318 t.

137 4368 176 4420 ²7·
197 4354 260 4420 Cap.
279 4355 310 4402 V.

1176 3196 1290 3240 lerome's

1175 3250 1300 3305 authority.
