3008 5026
656 363 826 417 mulinas
844 362 986 415 wicun
1164 342 1248 432 [cnr.
1268 359 1322 406 ιιι,

374 520 449 587 Sed
463 521 531 586 ista
546 521 720 586 deduccio
736 542 807 587 non
822 522 934 585 habet
952 520 1230 602 fundamentum,
1253 521 1324 586 nisi

328 635 369 692 ut
376 627 511 692 ironice
521 630 657 711 loquar,
671 627 769 712 quod
779 635 881 692 autor
891 626 1066 712 scripture
1077 630 1206 692 crebro
1217 627 1324 713 ponit

330 735 526 797 secularem
557 733 745 816 primatum
778 740 815 797 et
842 733 1101 798 sacerdotalem
1131 733 1323 818 primatum

329 857 511 902 cesareum
525 838 715 902 interdicit.
738 838 785 903 Et
806 838 889 903 ideo
907 837 993 903 dicit
1010 837 1265 922 Crysostomus
1282 847 1324 902 ut

329 962 445 1027 supra,
456 944 554 1026 quod
564 944 600 1008 in
609 944 830 1028 acceptando
841 944 1029 1029 primatum
1040 943 1322 1008 ecclesiasticum
1335 949 1348 1000 5

328 1067 446 1131 neque
463 1056 519 1113 est
540 1049 636 1113 racio
659 1068 777 1133 neque
800 1049 943 1129 utilitas,
968 1048 1051 1133 quia
1073 1058 1239 1131 tempore
1255 1068 1323 1113 suo

328 1154 452 1217 saltem
461 1152 497 1216 in
507 1162 617 1237 gente
628 1173 691 1218 sua
699 1173 772 1218 non
782 1152 848 1218 fuit
858 1153 1022 1218 adiuncta
1030 1153 1195 1237 primatui
1207 1155 1322 1218 eccle·

328 1256 482 1337 siastico,
505 1264 546 1321 ut
566 1259 680 1338 modo,
704 1257 886 1343 pinguedo
911 1258 1086 1322 commodi
1101 1259 1321 1341 temporalis.

149 1363 204 1424 ⁶¹¹1
218 1372 280 1416 1³⁰⁹ss
329 1361 368 1428 Si
382 1361 491 1449 igitur
506 1363 668 1447 signetur
677 1363 890 1448 quicumque
904 1383 1008 1448 papa,
1025 1363 1123 1427 cuius
1134 1364 1321 1428 ordinacio

135 1413 247 1458 ordamed
263 1413 277 1456 t

125 1425 304 1575 Chffissffld
328 1466 528 1532 immediate
543 1468 722 1552 processit
737 1488 757 1531 a
775 1467 925 1547 Christo,
941 1468 1084 1532 videtur
1097 1467 1204 1532 michi
1221 1469 1366 1552 quod10

132 1531 300 1668 ἱζῗξζξοιυξξῐ
327 1574 396 1636 hoc
420 1574 527 1637 docto
551 1582 649 1638 totus
671 1575 828 1658 populus
844 1575 954 1637 debet
970 1593 1049 1637 eum
1065 1572 1322 1637 venerabiliter

117 1676 504 1785 gfflfggffiamplecti.
541 1677 617 1743 Sed
648 1677 750 1743 nimis
776 1678 889 1742 aliena
916 1685 974 1742 est
996 1680 1039 1741 ab
1065 1678 1133 1743 ista
1156 1678 1321 1743 doctrina

150 1780 282 1879 befflffn
327 1784 477 1847 humana
500 1783 634 1848 eleccio
655 1785 715 1847 vel
735 1783 922 1850 institucio.
946 1782 1034 1847 Ideo
1051 1790 1199 1866 oportet
1221 1783 1323 1867 quod

326 1887 414 1951 illud
437 1889 606 1953 doceatur
628 1909 675 1952 ex
692 1887 766 1952 vite
791 1898 827 1953 et
851 1908 999 1971 operum
1022 1887 1223 1971 sanctitate,
1246 1907 1321 1952 non

328 2012 375 2056 ex
399 1993 619 2077 aspiracione
637 1995 680 2057 ad
696 1994 809 2058 seculi
825 1994 1047 2058 commodum
1062 1994 1122 2057 vel
1136 1993 1320 2057 honorem.
1335 1998 1362 2048 15

326 2096 403 2162 Nec
428 2118 474 2161 ex
497 2098 747 2164 fulminacione
769 2100 853 2163 ficte
882 2119 1031 2163 censure
1059 2100 1102 2163 ad
1126 2100 1320 2163 ostenden·

327 2204 409 2266 dum
433 2203 713 2270 dominacionem
736 2224 804 2268 nec
828 2225 875 2268 ex
895 2204 1061 2269 tonsione
1088 2203 1212 2286 gregis
1237 2205 1321 2267 sub-

325 2307 410 2372 iecti
420 2329 487 2392 per
497 2309 753 2376 fraudulentam
764 2310 1010 2393 temporalium
1021 2307 1320 2388 subtraccionem,

327 2415 391 2477 sed
415 2434 482 2498 per
505 2415 734 2480 condiciones
759 2415 1002 2499 apostolorum
1022 2413 1100 2478 istis
1116 2412 1320 2497 oppositas;

328 2526 364 2582 et
386 2518 466 2582 talis
489 2540 584 2604 papa
606 2541 678 2584 non
710 2521 805 2585 foret
828 2519 932 2583 alicui
956 2518 1112 2582 fidelium
1140 2537 1319 2581 onerosus
1331 2538 1363 2574 20

327 2623 393 2686 sed
415 2644 609 2707 procurans
632 2624 788 2710 undique
820 2645 887 2709 pro
910 2625 1010 2688 lucro
1035 2622 1150 2686 anime
1175 2631 1211 2686 et
1234 2642 1320 2706 pro·

327 2726 432 2794 fectu.

118 2846 169 2891 Tne
184 2847 307 2892 defendes
369 2831 471 2913 Item,
498 2833 765 2919 magnificantes
794 2833 1044 2898 necessitatem
1071 2831 1176 2895 huius
1203 2850 1319 2894 sacra·

136 2901 163 2943 of
174 2901 213 2943 the
227 2900 290 2955 Pope

124 2952 297 3060 l,¹}2⁰,¹3„{'g‘,',l§
326 2939 436 3000 menti
452 2938 587 3002 cesarei
606 2947 751 3022 oportet
768 2938 901 3002 docere
915 2937 1029 3021 ipsam
1047 2957 1094 3000 ex
1109 2934 1318 3000 testimonio

109 3055 307 3152 ¹¹3?„,⁸,⁰¹,¹{',¹,¹,¹{⁰
326 3042 502 3126 scripture
517 3043 576 3105 vel
591 3063 657 3127 per
672 3043 848 3106 racionem
870 3044 1062 3107 ostendere
1077 3039 1319 3105 necessarium
1330 3049 1360 3099 25

108 3160 135 3204 os
148 3161 184 3205 na
198 3159 312 3205 {nouenae
325 3145 496 3209 influxum
522 3147 660 3230 papalis
683 3146 957 3230 preeminencie,
990 3145 1072 3229 quia
1103 3145 1204 3210 aliter
1226 3144 1318 3228 fingi

156 3213 263 3310 οῦῖιῗτὲὲῗ
325 3261 452 3336 posset
474 3254 617 3316 novella
639 3252 766 3335 religio
790 3252 942 3316 servatis
964 3252 1098 3315 eisdem
1113 3249 1318 3314 nominibus

326 3359 386 3422 vel
413 3358 554 3422 mutatis
583 3358 726 3421 omnino
752 3358 926 3423 contraria
945 3360 950 3440 Ι
971 3357 1086 3421 ordini
1114 3354 1316 3421 christiano.
1347 3369 1406 3428 ψ·

327 3463 390 3528 Cor
407 3471 476 3526 stat
499 3471 625 3541 autern,
654 3465 752 3547 quod
774 3463 925 3547 primum
949 3465 1054 3527 deest
1075 3464 1111 3526 in
1134 3467 1212 3525 toto
1238 3479 1318 3523 cor-

326 3588 415 3652 pore
440 3568 625 3652 scripture.
656 3568 703 3632 Et
725 3578 893 3652 quantum
917 3570 961 3632 ad
984 3568 1189 3644 secundum,
1212 3574 1319 3648 patet
1330 3576 1361 3627 30

326 3675 424 3757 quod
457 3681 645 3756 oporteret
677 3673 774 3736 illum
807 3672 979 3737 influxum
1009 3673 1069 3736 vel
1103 3670 1318 3734 adiutorium

326 3798 408 3842 esse
443 3777 635 3862 spirituale,
668 3779 750 3861 quia
772 3778 849 3842 sine
873 3777 1053 3862 corporali
1075 3785 1199 3860 preter
1222 3776 1319 3840 adiu·

326 3882 452 3947 torium
487 3885 585 3967 quod
617 3884 771 3948 ecclesia
792 3886 901 3948 habet
923 3885 969 3947 de
992 3880 1142 3947 seculari
1169 3881 1316 3946 brachio

325 3996 454 4072 posset
476 3996 578 4052 stare.
604 3987 644 4052 Si
666 3998 783 4054 autem
806 3989 853 4053 sit
868 3989 1050 4072 spirituale
1066 3988 1125 4051 vel
1142 3993 1199 4050 est
1214 3995 1318 4051 actus

326 4093 440 4157 anime
463 4095 522 4157 vel
543 4094 696 4160 habitus,
730 4094 818 4159 Cum
841 4103 959 4159 autem
982 4104 1082 4159 actus
1107 4093 1220 4157 anime
1244 4093 1361 4157 sint35

325 4197 430 4262 nobis
452 4198 637 4278 notissimi,
659 4200 905 4284 perceptibilis
922 4199 1017 4263 foret
1031 4208 1102 4265 tam
1118 4199 1198 4263 talis
1214 4207 1318 4263 actus

326 4323 429 4385 quarn
463 4303 539 4368 eius
572 4304 738 4368 absencia
768 4305 805 4369 in
836 4314 960 4385 morte,
991 4305 1027 4368 in
1060 4303 1233 4368 divisione
1256 4305 1319 4367 vel
