3008 5026
660 388 830 438 romulus
850 389 989 440 wvcuo
1171 372 1256 452 [cre.
1274 384 1319 429 m

331 545 421 607 enim
448 544 592 627 vulpina
620 564 708 627 sepe
735 544 877 627 preficit
899 545 1013 608 minus
1037 545 1177 629 dignos,
1216 545 1324 609 Unde

331 647 484 730 apostoli
508 668 580 711 non
604 649 782 712 audebant
809 669 876 712 nec
901 658 1097 732 potuerunt
1134 650 1228 713 sicut
1255 671 1324 713 nec

330 752 491 817 Christus
516 754 620 816 talem
644 755 761 834 legem
785 762 954 818 statuere.
987 752 1075 817 Ideo
1102 753 1171 818 ista
1194 762 1324 818 vocata

329 858 390 920 lex
407 865 462 920 est
478 857 699 934 Antichristi,
724 858 784 940 qui
800 859 970 922 extollitur
991 878 1094 942 super
1109 878 1212 923 omne
1233 862 1324 941 quod

329 964 456 1025 dicitur
479 963 580 1027 Deus.
611 962 772 1027 Christus
797 962 889 1026 enim
914 984 985 1026 non
1008 973 1132 1046 potest
1156 985 1203 1027 ex
1227 965 1345 1032 nudas

328 1067 535 1149 prelacione
558 1068 727 1131 momenti
751 1067 933 1151 temporis,
958 1088 1005 1130 ex
1029 1068 1153 1131 callida
1175 1088 1323 1152 presen-

329 1170 469 1234 tacione
502 1172 612 1254 priori
642 1173 846 1235 collacionis
868 1171 1007 1255 papalis
1032 1192 1100 1235 nec
1125 1193 1172 1235 ex
1194 1173 1323 1237 iterata

329 1275 511 1339 eleccione
545 1296 633 1359 sepe
665 1276 792 1340 frivola
825 1276 970 1359 capituli
1003 1277 1237 1360 acceptantiS,
1273 1277 1321 1341 in·

329 1390 449 1463 eptum
478 1380 608 1444 virtute
641 1401 855 1463 preponere,
888 1382 953 1444 sed
987 1391 1131 1463 oportet
1163 1380 1322 1460 omnin0,

329 1486 425 1566 quod
458 1484 515 1548 ille
558 1506 662 1568 quem
687 1485 846 1549 Christus
870 1488 928 1549 vel
959 1486 1020 1548 lex
1052 1506 1116 1549 sua
1138 1487 1362 1570 preeligit,10

328 1588 374 1651 sit
406 1591 525 1672 quoad
558 1591 674 1653 Deum
711 1590 843 1654 virtute
874 1589 1108 1673 prestancior.
1152 1590 1201 1653 Et
1237 1591 1320 1654 hinc

329 1693 483 1774 apostoli
506 1714 576 1756 non
599 1703 896 1777 presumpserunt
911 1697 969 1757 vel
989 1696 1108 1777 legem
1124 1695 1321 1758 eleccionis

327 1805 484 1860 statuere
518 1799 576 1860 vel
599 1797 766 1862 Mathiam
799 1799 943 1882 eligere,
976 1799 1041 1861 sed
1067 1799 1321 1862 commiserunt

327 1901 393 1963 hec
427 1901 546 1964 divino
578 1901 720 1979 iudicio,
755 1911 793 1965 ut
825 1911 925 1986 patet
947 1903 1028 1966 Act.
1051 1902 1077 1969 Ι.
1115 1901 1175 1968 Sic
1200 1913 1320 1966 autem

326 2005 461 2068 faceret
483 2025 587 2088 papa,
612 2026 689 2069 curn
713 2026 779 2089 pro
803 2016 881 2070 toto
905 2008 1036 2070 mundo
1052 2027 1125 2071 non
1145 2016 1359 2072 statueretri

326 2111 444 2191 legem
467 2109 629 2173 iniustam
653 2111 712 2173 vei
736 2110 972 2174 committeret
994 2120 1182 2194 peccatum
1207 2112 1320 2176 eciam

325 2214 475 2276 veniale.
514 2214 579 2278 Est
610 2225 726 2278 autem
759 2215 867 2278 maior
898 2216 1084 2280 blasfemia
1111 2225 1321 2281 constanter

109 2313 126 2355 ¹¹
142 2313 162 2356 ³⁵
177 2313 514 2395 b¹³⁵lh⁰m5asserrere
544 2319 640 2402 quod
670 2339 713 2381 eo
737 2320 817 2402 ipso
856 2339 927 2403 quo
951 2340 1046 2404 papa
1067 2322 1137 2384 hoc
1166 2320 1321 2405 staltuit
1351 2333 1404 2401 ²47⁵

109 2375 133 2409 to
147 2377 188 2409 sav
202 2369 251 2410 that
261 2367 314 2411 God

133 2413 244 2462 ⁶⁰¹sfi¹¹¹¹⁵
259 2421 287 2462 ³¹¹
326 2423 436 2487 eciam
461 2434 584 2486 contra
607 2425 787 2487 decretum
810 2425 963 2503 Domini,
987 2434 1072 2488 tunc
1096 2436 1152 2490 est
1174 2426 1319 2503 iustum,

126 2482 173 2511 Ν·

117 2470 301 2579 hi'lt‘nli’i‘etby
324 2530 383 2591 vel
407 2529 504 2612 quod
529 2537 674 2611 oportet
697 2529 795 2611 quod
811 2530 912 2593 Deus
938 2532 1205 2595 condescendat
1220 2552 1318 2615 pape
1331 2560 1360 2594 20

327 2642 362 2696 et
384 2635 502 2715 legem
527 2653 783 2716 quamcumque
799 2654 893 2717 pape
917 2634 1093 2701 iustificet
1116 2635 1185 2698 Vel
1201 2637 1317 2699 tercio

326 2739 421 2821 quod
460 2739 576 2801 levem
614 2737 771 2800 iniuriam
809 2738 915 2801 homo
949 2739 1059 2803 debet
1093 2740 1318 2804 committere

324 2852 473 2924 propter
505 2841 614 2904 maius
653 2843 872 2905 commodum
905 2842 988 2905 inde
1021 2864 1186 2927 sequens.
1227 2844 1317 2909 Cum

323 2946 432 3031 igitur
455 2948 574 3028 quoad
607 2967 729 3010 omnes
769 2966 891 3010 causas
924 2948 1161 3011 terminandas
1184 2969 1252 3032 per
1276 2970 1316 3013 se

324 3049 456 3112 sufficit
471 3050 532 3113 lex
549 3051 734 3133 scripture,
751 3055 932 3133 quomodo
948 3061 1171 3134 presumeret
1183 3052 1317 3117 Christi
1328 3069 1357 3120 25

323 3155 474 3218 vicarius
520 3158 637 3238 legem
671 3175 849 3219 assumere
881 3164 951 3219 tam
998 3156 1150 3239 iniquam
1195 3160 1316 3240 quoad

322 3259 475 3338 iniurias,
501 3269 766 3322 commoveatur
789 3270 938 3343 utraque
961 3281 1044 3344 pars
1072 3262 1147 3344 pati
1169 3261 1316 3327 iniurias

324 3374 360 3428 et
382 3374 533 3447 propter
555 3365 752 3446 periculum
775 3375 916 3447 tempus
941 3365 1008 3428 sibi
1028 3366 1210 3432 redimere,
1233 3367 1316 3431 Hoc

323 3478 439 3532 autem
474 3489 519 3530 ex
551 3469 622 3530 fide
655 3479 710 3531 est
743 3468 866 3531 melius
891 3489 993 3551 quam
1020 3470 1187 3534 iudicium
1214 3474 1316 3554 quod

323 3574 522 3636 sentenciat
560 3575 620 3634 lex
657 3574 816 3649 humana,
860 3575 958 3655 quod
997 3574 1026 3636 si
1065 3585 1190 3638 neutra
1227 3597 1315 3659 pars
1327 3590 1359 3640 30

322 3678 477 3741 voluerit
501 3678 646 3741 decreto
658 3677 801 3740 Domini
824 3678 859 3740 in
884 3678 1012 3742 talibus
1031 3679 1210 3743 humiliter
1227 3700 1315 3744 con·

322 3782 466 3859 sentire,
504 3782 791 3864 compromittant
823 3783 992 3865 ponendo
1026 3802 1065 3846 se
1096 3784 1132 3846 in
1164 3784 1314 3850 arbitrio

320 3885 406 3948 boni
429 3885 495 3949 viri
518 3888 576 3948 vel
609 3887 652 3949 ad
683 3885 860 3949 minimum
883 3886 1084 3951 iudicentur
1115 3890 1316 3953 secundum

320 3992 422 4073 leges
456 3990 578 4053 civiles
612 3991 702 4053 intra
735 3991 930 4068 ecclesiam,
964 3993 1021 4054 vel
1050 3992 1081 4055 si
1104 3993 1221 4055 omnia
1244 3992 1316 4058 ista

320 4095 512 4171 renuerint,
536 4094 718 4176 fugiantur
734 4104 911 4177 tamquam
929 4095 1059 4159 ethnici
1076 4106 1113 4159 et
1128 4097 1315 4179 publicani
1326 4110 1357 4165 35

375 4347 407 4376 ιο.
423 4333 452 4376 B:
466 4335 589 4390 preelegit.
