3008 5026
176 382 245 427 err.
260 366 312 454 n]
469 386 514 436 na
533 386 745 437 porusrmu
764 387 863 439 nuru.
1321 377 1380 452 ²87

178 551 234 606 est
257 542 345 606 ordo
369 543 532 607 vestium.
565 543 641 607 Sex
674 543 767 607 enim
801 553 1007 607 ornamenta
1034 546 1167 608 habent
1211 558 1348 603 Vestmenrs

178 647 357 730 simplices
390 648 597 712 sacerdotes
620 648 656 712 in
683 649 804 728 missa,
828 648 965 712 scilicet
998 648 1166 729 amictam,
1181 612 1374 726 mriii'e'i'tiiid‘n

179 754 302 833 albam,
342 773 475 832 zonam,
513 753 736 836 manipulam,
775 753 901 816 stolam
935 761 972 816 et
1002 756 1167 819 casulam.
1200 718 1359 825 ugniiii‘nce,

178 856 251 919 Per
282 856 442 920 amictam
475 865 618 921 notatur
650 857 813 921 custodia
846 877 1015 921 sensuum
1052 878 1167 922 sacer·

154 961 284 1042 §dotis
329 962 410 1045 quia
447 962 533 1026 illud
578 972 823 1026 ornamentum
860 963 953 1046 tegit
985 971 1093 1046 caput
1133 972 1169 1027 et

180 1067 319 1144 collum,
349 1067 481 1150 inquo
513 1077 597 1132 sunt
619 1089 744 1132 omnes
769 1088 910 1144 sensus;
944 1068 995 1131 sic
1020 1067 1169 1133 clericus

180 1170 291 1235 debet
306 1173 426 1235 velare
443 1194 566 1236 omues
583 1194 710 1237 sensus
727 1182 764 1237 et
780 1173 982 1256 specialiter
1005 1183 1170 1256 tempore
1206 1208 1257 1251 T„
1271 1207 1361 1251 Amice.

180 1275 1170 1362 misse,neadulterinissensacionibustemptetmentem,

181 1400 248 1443 nec
273 1382 411 1459 collum,
435 1383 470 1445 in
494 1404 565 1466 quo
589 1393 646 1447 est
661 1403 833 1467 organum
857 1383 968 1462 vocis,
996 1384 1172 1447 ministret

142 1511 171 1545 ιο
181 1505 309 1549 vocem
326 1490 369 1550 ab
386 1486 614 1552 interioribus
630 1490 675 1551 ad
690 1488 820 1552 vicium
836 1489 966 1572 lingue.
984 1488 1058 1554 Sed
1073 1488 1173 1552 iuxta

182 1590 280 1654 Petri
297 1591 442 1655 monita:
467 1589 507 1656 Si
531 1593 607 1676 quis
621 1595 780 1674 loquitur,
794 1595 896 1675 qttasi
917 1612 1092 1658 sermones
1107 1593 1173 1657 Dei

182 1695 295 1776 prima
310 1695 406 1761 Petr.
423 1696 486 1771 IV,
508 1718 554 1762 11.
570 1696 694 1761 Verba
710 1698 803 1761 enim
820 1699 1019 1761 sacerdotis
1036 1698 1173 1760 debent

184 1819 265 1863 esse
290 1801 523 1884 evangelium.
554 1802 650 1865 Alba
684 1801 835 1874 camisia,
869 1821 939 1885 que
972 1811 1028 1864 est
1051 1801 1173 1864 stricta

182 1902 277 1967 linea
298 1904 335 1968 in
359 1906 475 1969 veteri
495 1914 711 1970 testamento
735 1907 853 1990 signat
876 1905 995 1969 omnia
1017 1907 1175 1969 membra
1228 1924 1279 1969 Tne
1293 1922 1347 1966 nu.

145 2009 348 2092 &corporis
377 2012 574 2075 sacerdotis
599 2010 720 2075 divino
745 2011 899 2075 servicio
931 2010 1174 2093 mancipanda.

185 2111 261 2178 Sed
284 2122 447 2198 tempore
471 2115 624 2179 ecclesie
640 2117 846 2196 Judeorum,
870 2115 930 2199 qui
953 2115 1080 2198 spiritu
1104 2135 1174 2178 ser·

185 2218 309 2283 vitutis
342 2231 442 2283 erant
474 2221 619 2298 astricti,
652 2230 728 2285 erat
759 2221 827 2284 hec
850 2220 969 2284 tunica
1002 2220 1176 2298 striccior,

186 2344 291 2405 quam
314 2334 370 2389 est
391 2326 510 2406 mod0,
544 2328 687 2409 quando
712 2327 896 2390 dilatamur
917 2326 1083 2389 libertate
1107 2345 1177 2408 qua

89 2436 153 2490 232d
187 2427 347 2492 Christus
369 2429 373 2514 Ι
394 2450 460 2492 nos
475 2430 650 2495 liberavit.
674 2429 748 2496 Sed
765 2430 848 2513 quia
863 2429 1018 2512 surrepit
1034 2431 1175 2493 ommis·

143 2559 176 2592 ιο
187 2531 297 2597 sionis
343 2534 580 2617 negligencia,
628 2555 706 2598 cum
751 2533 961 2598 inordinatis
1006 2534 1177 2616 operibus

187 2646 509 2722 quantumcumque
533 2638 654 2702 divino
678 2638 788 2702 cultui
811 2638 1062 2721 mancipemur,
1093 2639 1177 2702 ideo
1200 2676 1252 2720 T„
1267 2671 1377 2728 ,mim

188 2752 315 2825 quarto
360 2743 506 2826 ponitur
546 2743 582 2807 in
620 2744 762 2808 sinistra
802 2764 909 2807 manu
946 2744 1087 2826 mapula
1117 2745 1177 2807 vel

188 2847 373 2930 manipula,
412 2850 586 2912 denotans
625 2851 724 2931 quod
762 2850 889 2912 crebro
929 2848 1102 2911 debemus
1133 2851 1177 2912 ab

190 2951 302 3016 oculis
324 2953 454 3017 mentis
477 2955 604 3017 sordes
628 2955 847 3036 abstergere,
879 2960 916 3015 et
940 2961 1063 3016 contra
1085 2952 1180 3016 facta

147 3057 330 3137 ,5sinistre
354 3066 563 3140 perpetrata
595 3058 640 3120 ad
663 3077 773 3140 opera
795 3056 935 3139 penalia
957 3057 1069 3138 gratis
1093 3057 1179 3120 obli·

190 3162 339 3246 gacione
355 3171 533 3246 perpetua
544 3181 755 3245 nosparare.
772 3161 877 3225 Unde
894 3160 1018 3243 quinto
1035 3161 1181 3224 assumit

191 3267 317 3330 stolam
341 3267 418 3330 sive
441 3265 604 3346 orarium,
637 3287 706 3350 que
731 3267 824 3330 collo
848 3265 1046 3329 sacerdotis
1069 3266 1181 3348 impo·
1228 3284 1280 3329 rue
1296 3283 1366 3329 stou.

192 3371 267 3449 sita,
292 3372 419 3455 signat,
453 3374 549 3456 quod
574 3373 673 3437 iuxta
696 3371 882 3435 consilium
906 3370 1036 3435 Christi
1058 3369 1181 3436 Matth.

191 3476 249 3540 XI
278 3499 317 3558 29
356 3478 499 3542 sustulit
528 3497 634 3561 super
664 3497 700 3542 se
731 3478 854 3559 iugum
886 3476 1029 3540 Domini
1059 3478 1182 3558 longe·

151 3612 183 3661 30
193 3582 359 3646 nimitatis
376 3582 626 3648 sufferendum.
640 3582 747 3665 Quod
759 3591 875 3646 autem
886 3583 979 3645 stola
989 3580 1183 3644 cancellata

192 3708 260 3771 per
292 3688 469 3752 anteriora
502 3688 701 3770 descendit,
733 3687 851 3770 signat
883 3686 980 3769 quod
1012 3687 1183 3748 sacerdos

194 3793 337 3857 sustulit
368 3813 510 3857 crucem
542 3813 640 3858 suam
673 3792 858 3876 sequendo
892 3790 1079 3874 Christum,
1116 3809 1184 3874 per

249 4012 266 4043 r.
283 3998 358 4043 Codd.
374 3999 396 4042 in
414 4011 500 4055 marg.:
517 3997 660 4042 Ornamenta
673 4011 715 4042 sex
728 3999 867 4042 sacerdotis.
922 4008 942 4040 2.
959 3996 1035 4040 Codd.
1050 3996 1073 4038 iu
1093 4007 1183 4051 murga

196 4069 293 4112 Amicla.
350 4081 382 4112 ro.
403 4069 432 4113 B:
451 4069 481 4111 ab
494 4070 657 4113 veterioribus.
713 4080 744 4112 ιι.
760 4067 835 4111 codd.
855 4069 879 4112 in
900 4065 1185 4120 marg.:A1bacamisia;

197 4141 217 4181 Α
226 4138 249 4180 in
259 4150 331 4193 marg.
339 4153 345 4181 :
353 4136 442 4182 Ertimo
451 4140 513 4194 quod
519 4139 622 4194 scriptor
629 4139 709 4182 omr'sr't
716 4138 897 4182 misricacronem
905 4136 934 4179 de
941 4147 1008 4193 zona.
1059 4145 1097 4178 aa.
1106 4133 1184 4178 Codd.

196 4209 219 4252 in
234 4220 320 4263 marga
336 4209 412 4254 Stola.
467 4220 505 4265 29,
521 4208 557 4253 30.
574 4209 602 4252 B:
617 4208 792 4266 longanimitas.

248 4353 274 4399 4.
294 4336 333 4385 Cf.
353 4346 378 4384 et
398 4336 540 4398 Hugonem
559 4336 597 4385 De
611 4336 771 4385 Sacrament.
790 4333 819 4396 ll,
837 4348 863 4398 p.
879 4332 921 4393 lV,
940 4346 997 4396 cup.
1012 4331 1044 4380 lx
1065 4340 1090 4379 et
1109 4345 1185 4396 seqq.
