3008 5026
727 397 900 448 JOHANNIS
919 397 1058 448 WYCllF
1239 382 1320 462 [CAP.
1343 392 1384 438 lX.

392 557 522 636 ginalis
535 559 699 620 sanctitas
713 577 816 638 quam
831 558 1004 637 pttdictcia
1027 558 1220 639 coniugata¹
1246 556 1307 620 sed
1325 561 1383 620 at-

395 665 491 726 tende
514 665 711 742 suptrbiam
740 667 770 726 et
800 664 1038 742 humilitatem,
1074 664 1238 744 tiengeque
1271 663 1382 743 virgi-

396 768 496 828 nitati
528 772 582 830 tue
612 768 839 831 lmmilttatem
872 772 901 830 et
931 769 1000 830 eris
1030 773 1143 830 matre
1166 771 1226 830 tuo
1248 767 1384 843 melior,

395 873 485 951 qttod
506 874 538 935 si
559 877 594 935 tu
616 874 714 953 virgo
737 874 905 936 admittas
926 873 1124 952 snperbiam
1149 878 1178 934 et
1196 876 1307 934 ittater
1321 876 1384 933 tua

395 985 503 1042 servet
518 980 755 1057 humilitatem,
771 980 849 1058 ipso
864 984 912 1041 est
926 979 1025 1059 longe
1043 979 1165 1040 melior
1179 982 1210 1039 te
1224 976 1382 1056 superba.
1396 994 1409 1044 5

227 1086 341 1195 miiitiy‘.
396 1081 484 1145 Nam
509 1083 600 1146 sicut
623 1085 755 1145 bonum
770 1085 864 1146 bono
882 1082 1084 1146 adiunctum
1103 1080 1188 1145 facit
1203 1081 1383 1163 integrum

396 1188 507 1272 magis
531 1190 673 1263 bonum,
698 1189 749 1250 sic
771 1190 841 1251 hoc
864 1189 990 1251 malum
1014 1187 1099 1250 facit
1121 1195 1234 1250 totum
1254 1187 1383 1248 malum

397 1293 474 1357 sive
506 1296 601 1356 bono
635 1294 836 1357 adiunctum
869 1294 977 1357 fuerit
1008 1294 1084 1356 sive
1117 1295 1224 1371 malo;
1263 1290 1383 1373 privat

398 1399 488 1460 enim
512 1409 548 1462 te
570 1399 713 1463 racione
734 1399 880 1462 membri
896 1399 1034 1462 humilis
1052 1398 1187 1480 capitis,
1211 1397 1308 1479 quod
1325 1405 1384 1459 est

398 1503 569 1581 Christus,
602 1507 699 1587 quod
731 1504 761 1568 si
794 1514 859 1580 est,
893 1514 931 1568 ut
954 1513 1053 1587 patet
1075 1504 1110 1566 in
1133 1503 1292 1579 lucifero
1321 1501 1382 1584 qui
1399 1534 1427 1565 ιο

398 1616 453 1670 est
469 1608 593 1671 melior
609 1620 644 1671 te
661 1618 793 1684 natura,
816 1610 877 1672 ubi
893 1619 948 1672 est
964 1617 1125 1692 potestas
1141 1609 1199 1670 vel
1216 1607 1382 1689 dignitas,

398 1712 442 1774 de
453 1733 521 1794 qua
537 1716 706 1796 pompas?
730 1714 855 1782 Nichil.
871 1715 1022 1796 inquam,
1041 1713 1136 1777 foret
1152 1715 1246 1775 clero
1264 1711 1382 1774 utilius

399 1824 434 1878 et
457 1817 659 1898 specialiter
683 1817 812 1882 Christi
833 1819 965 1881 vicario
991 1838 1094 1900 quam
1119 1816 1250 1879 sentire
1273 1815 1382 1878 humi-

397 1919 480 1983 liter
490 1922 534 1983 de
552 1921 684 2004 seips0,
696 1924 792 2003 quod
805 1922 1027 2004 Augustinus
1039 1923 1195 1985 declarat
1206 1921 1384 1983 subtiliter

399 2033 435 2086 et
468 2027 610 2100 devote,
644 2027 765 2090 dicens
801 2028 898 2109 quod
931 2047 1044 2110 genus
1079 2028 1265 2089 humanum
1297 2033 1426 2107 postrs

398 2130 537 2211 lapsum
569 2131 709 2194 omnino
747 2130 897 2214 indiguit
935 2131 1059 2195 celesti
1097 2129 1247 2205 medico,
1286 2130 1383 2210 quod

399 2233 481 2314 quia
508 2255 578 2297 non
608 2235 747 2299 suffecit
770 2237 816 2298 ad
839 2236 956 2318 ipsum
979 2235 1183 2310 ascendere,
1210 2234 1310 2297 Deus
1334 2233 1383 2295 in-

400 2337 586 2402 effabiliter
602 2341 788 2404 descendit
803 2342 846 2402 ad
862 2341 988 2423 ipsum,
1012 2341 1146 2402 docens
1160 2339 1244 2413 vita,
1271 2358 1384 2420 opere

399 2453 436 2507 et
468 2463 641 2520 sermone,
675 2446 853 2527 quomodo
887 2453 1031 2527 oportet
1057 2463 1171 2526 genus
1194 2443 1384 2505 humanum

399 2548 429 2610 si
461 2548 640 2611 sanabitur
671 2548 867 2613 humilitate
901 2548 1073 2612 contraria
1098 2547 1180 2630 lvie
1214 2546 1384 2629 superbie
1415 2569 1475 2614 212·

399 2672 466 2734 qua
495 2653 584 2715 adeo
613 2662 813 2717 recesserat
839 2674 959 2717 sanum
987 2653 1104 2716 redire
1128 2653 1171 2715 ad
1196 2652 1385 2714 dominum.

398 2755 445 2818 Et
470 2758 538 2819 hec
565 2758 670 2835 racio,
698 2778 805 2840 quare
830 2756 990 2821 Christus
1014 2756 1170 2820 servavit
1192 2756 1226 2818 in
1250 2755 1324 2819 vita
1348 2772 1385 2818 et

400 2860 738 2925 doctrinasummam
748 2862 954 2945 pauperiem
971 2871 1007 2925 et
1020 2861 1262 2929 humilitatem
1282 2859 1384 2922 Anti·

400 2964 551 3028 christus
569 2974 684 3029 autem
708 2966 825 3048 querit
846 2967 1053 3028 mundanam
1077 2965 1226 3049 gloriam
1242 2962 1383 3027 Christo

400 3069 587 3145 contrarie,
620 3079 658 3132 ut
690 3070 817 3133 dicitur
839 3070 982 3149 Joh.V;
1017 3080 1053 3132 et
1078 3069 1161 3132 ideo
1184 3069 1268 3131 licet
1291 3086 1428 3151 papa25

400 3170 450 3234 sic
467 3172 592 3236 fecerit
608 3175 660 3253 (ut
675 3173 761 3237 dicit
777 3173 1012 3257 Augustinus)
1032 3194 1104 3236 non
1125 3183 1179 3236 est
1195 3175 1239 3235 de
1255 3171 1384 3236 Christi

400 3277 559 3353 ecclesia,
593 3277 674 3359 quia
705 3278 734 3340 si
765 3278 813 3340 sit
835 3298 941 3340 verus
974 3298 1068 3360 papa
1100 3286 1156 3340 est
1185 3278 1290 3339 homo
1323 3277 1383 3338 hu·

399 3381 571 3456 millimus,
609 3383 801 3445 mundanos
836 3383 991 3444 honores
1030 3391 1066 3443 et
1102 3383 1236 3444 lucrum
1273 3380 1384 3442 seculi

399 3485 674 3568 parvipendens.
697 3486 744 3550 Et
766 3487 817 3549 sic
834 3486 994 3550 Christus
1018 3494 1074 3549 est
1095 3485 1293 3548 humanitus
1316 3484 1384 3559 via,

398 3611 463 3672 per
496 3611 598 3672 quam
623 3600 767 3674 oportet
803 3612 943 3655 omnem
967 3590 1171 3654 salvandum
1207 3589 1384 3664 incedere,
1397 3609 1430 3659 30

401 3715 470 3778 que
498 3696 555 3758 via
584 3716 662 3758 cum
691 3697 737 3760 sit
764 3705 837 3759 arta
865 3695 1084 3777 impossibile
1113 3704 1168 3758 est
1191 3703 1383 3757 tumentem

400 3801 567 3882 superbia
599 3821 665 3883 per
696 3801 790 3863 illam
819 3800 977 3864 semitam
1005 3808 1205 3883 penetrare.
1243 3796 1316 3862 Sed
1339 3799 1384 3860 de

400 3915 532 3986 quanto
567 3905 709 3968 collisus
740 3914 856 3969 stante
890 3905 950 3967 illo
982 3914 1122 3968 tumore
1148 3904 1231 3985 plus
1253 3901 1304 3965 illi
1325 3901 1385 3964 vie

399 4008 595 4073 facietenus
629 4009 797 4087 innititur,
831 4011 876 4072 de
899 4018 998 4073 tanto
1024 4007 1280 4091 comportando
1304 4027 1383 4089 pro·

453 4295 486 4327 12.
502 4284 530 4328 B:
542 4281 648 4340 pompo's.
702 4283 738 4329 23.
755 4283 843 4328 Coun:
862 4283 886 4328 in
901 4295 974 4339 marg.
995 4282 1149 4327 Antichristus
1166 4284 1218 4339 qula
1231 4295 1272 4327 est.
1294 4281 1335 4327 Via
1349 4287 1382 4326 eet

401 4353 515 4399 Christus.
