3008 5026
705 394 873 444 ronanus
893 393 1032 444 wrcen
1226 368 1307 458 [can.
1321 389 1363 433 v1.

377 551 563 635 superiora
587 552 777 616 carismata.
801 551 1002 616 Ostendant
1024 550 1133 633 igitur
1154 551 1240 614 istas
1263 561 1364 636 pote·

377 665 497 728 states,
538 657 791 721 conversiones
829 657 1020 721 infidelium
1059 647 1119 719 vel
1155 656 1365 720 sanaciones

375 760 591 825 infirmorum
616 783 682 845 per
705 783 786 826 suas
804 763 985 845 epistolas,
1009 771 1048 825 ut
1063 762 1195 825 factum
1213 771 1269 825 est
1285 782 1365 826 cum

376 866 561 949 scripturis
599 870 851 949 apostolorum,
890 876 927 930 et
964 878 1019 929 est
1051 866 1236 929 evidencia
1267 868 1365 948 quod

378 970 538 1035 Christus
575 971 610 1034 in
649 971 700 1034 eis
738 972 906 1054 loquitur,
946 991 1028 1054 ymo
1066 982 1105 1034 ut
1137 969 1269 1033 dictum
1308 966 1389 1035 est5

377 1074 549 1158 superius,
588 1076 805 1158 generaliter
842 1085 1005 1159 potestas
1044 1076 1260 1139 subtrahitur
1296 1095 1364 1158 pro

376 1180 522 1245 mortali.
561 1179 632 1244 Sed
657 1182 755 1245 multi
779 1201 899 1244 eorum
933 1201 980 1243 ex
1007 1181 1259 1263 ingratitudine
1280 1181 1364 1244 inci·

378 1285 466 1348 dunt
489 1285 522 1347 in
546 1288 704 1366 mortale,
728 1285 810 1349 ideo
835 1306 984 1349 necesse
1009 1295 1065 1348 est
1080 1287 1178 1368 quod
1201 1294 1364 1368 potestas

377 1389 407 1452 si
431 1410 533 1472 quarn
557 1390 591 1452 in
615 1390 791 1473 principio
814 1391 1014 1453 habuerunt
1041 1409 1087 1452 ex
1109 1390 1364 1473 ingratitudine

376 1493 422 1556 sit
445 1496 634 1558 subtracta.
1378 1501 1408 1536 ¹⁰

190 1607 335 1664 uneynau
419 1598 519 1680 Item,
558 1598 588 1661 si
626 1597 696 1661 sint
733 1598 828 1680 paris
866 1597 1084 1661 auctoritatis
1122 1618 1200 1661 curn
1232 1597 1364 1660 nostris

187 1660 243 1704 auch
260 1671 339 1714 power

193 1712 330 1819 impeta!
376 1702 588 1782 auctoribus,
614 1723 691 1766 cum
711 1703 878 1766 continue
893 1702 1126 1783 multiplicant
1146 1701 1149 1784 l
1169 1703 1272 1784 leges
1283 1722 1365 1765 suas
1397 1693 1455 1745 ¹⁸⁸⁸

200 1827 274 1859 canon
290 1816 334 1859 nw
376 1806 560 1870 addiscere
593 1807 684 1870 sicut
715 1807 832 1889 legem
863 1808 948 1870 fidei
975 1805 1234 1889 scripturarum,
1267 1806 1365 1888 quod

199 1868 321 1964 wsb-⁹
378 1918 432 1972 est
456 1919 579 1973 contra
601 1913 703 1997 leges
726 1913 852 1974 multas
882 1910 1044 1985 ecclesie,
1077 1932 1146 1993 que
1177 1910 1364 1994 proferunt

377 2015 592 2097 theologiam
625 2027 661 2079 et
683 2015 910 2099 privilegiant
943 2015 1018 2078 eius
1042 2015 1247 2097 discipulos,
1272 2014 1363 2078 simi·
1379 2009 1406 2059 ¹5

376 2119 458 2182 liter
503 2129 588 2182 tunc
629 2121 895 2184 destruerentur
929 2120 1003 2183 iura
1043 2120 1220 2196 canonica,
1281 2119 1364 2202 quia

378 2233 454 2287 tota
475 2223 533 2287 illa
556 2224 704 2287 facultas
719 2225 813 2287 foret
829 2245 918 2306 pura
933 2223 1124 2307 theologia,
1147 2223 1228 2306 quia
1244 2242 1362 2285 sermo

377 2348 483 2409 quem
504 2330 604 2391 Deus
628 2328 662 2391 in
687 2328 737 2392 eis
760 2328 917 2411 loquitur
946 2349 1037 2410 eque
1062 2327 1247 2391 evidenter
1270 2327 1364 2390 sicut

377 2433 519 2495 locutus
545 2440 601 2495 est
624 2432 705 2495 olim
730 2433 765 2495 in
789 2431 914 2495 scribis
938 2432 1021 2495 fidei
1044 2432 1304 2514 scripturarum.

421 2535 599 2618 Similiter,
628 2548 712 2600 tunc
736 2537 1005 2600 difficultaretur
1029 2536 1214 2599 christiana
1236 2535 1408 2619 religion>

376 2641 468 2702 ultra
492 2651 612 2722 patres
645 2641 777 2704 veteris
810 2641 1012 2704 testamenti
1045 2641 1104 2703 vel
1135 2639 1295 2704 infideles
1318 2641 1363 2702 de

377 2753 475 2806 secta
511 2744 736 2826 Machometi,
775 2744 836 2826 qui
874 2746 918 2806 de
956 2743 1183 2826 paucioribus
1220 2742 1364 2824 legibus

377 2857 459 2911 sunt
483 2848 653 2930 contenti,
682 2850 791 2911 multo
815 2848 926 2931 magis
953 2848 989 2911 in
1013 2858 1110 2911 secta
1134 2847 1274 2928 Christi,
1303 2847 1364 2929 qui

376 2952 460 3015 Mat.
478 2953 544 3032 XI,
569 2974 610 3032 30
633 2952 796 3035 promisit
818 2974 904 3020 onus
924 2973 1026 3017 aarum
1050 2972 1120 3016 esse
1143 2953 1221 3023 leve,
1246 2960 1281 3013 et
1303 2951 1364 3013 ille

378 3056 438 3137 qui
454 3056 536 3120 Mat.
553 3058 595 3137 V,
621 3079 655 3138 17
681 3059 775 3140 dicit,
798 3060 894 3142 quod
919 3077 984 3120 non
1008 3058 1096 3119 verrit
1111 3057 1239 3118 solvere
1254 3057 1407 3136 legemzs

376 3164 435 3224 sed
476 3165 628 3244 implere,
675 3163 760 3226 facit
804 3166 950 3226 verbum
991 3159 1234 3224 abbreviatum
1276 3159 1364 3225 Mat.

376 3265 502 3348 XXII,
546 3286 588 3344 4o
626 3267 757 3346 dicenS,
806 3268 903 3349 quod
941 3268 977 3329 in
1023 3265 1202 3327 dileccione
1237 3263 1303 3327 Dei
1334 3269 1365 3327 et

372 3371 527 3451 proximi
563 3373 614 3433 lex
633 3373 755 3451 perede!
777 3377 806 3434 et
824 3371 997 3452 prophete.

162 3481 180 3523 ¹⁸
195 3483 272 3524 w0¹¹¹d
289 3484 362 3538 imru
422 3472 598 3556 Similiter,
614 3474 714 3536 Deus
730 3474 825 3537 foret
841 3473 1058 3536 insufficiens
1076 3482 1113 3535 et
1130 3473 1363 3557 improvidus

168 3532 357 3640 Yiltitinoahgriiacic
378 3577 407 3639 si
439 3578 655 3659 incomplete
697 3578 855 3641 dedisset
895 3578 1012 3660 legem
1055 3599 1151 3641 suam
1192 3599 1257 3662 per
1287 3580 1408 3642 eiusso

199 3638 333 3745 'alfigi‘
378 3682 533 3744 cariores
558 3684 753 3764 apostoloS,
777 3683 980 3766 relinquens
1006 3683 1265 3768 ingracioribus
1287 3683 1364 3745 eius

376 3787 585 3868 presbiteris
620 3806 665 3849 ex
690 3787 930 3850 declinacione
949 3789 991 3850 ab
1009 3787 1085 3850 eius
1102 3787 1174 3850 vita
1190 3796 1227 3849 et
1241 3787 1364 3850 verbis

377 3891 466 3975 legis
498 3901 568 3955 tarn
601 3892 801 3955 necessarie
836 3893 1143 3974 complementum.
1183 3889 1243 3955 Sic
1272 3891 1364 3954 enim

377 3997 528 4061 fuissent
543 4012 666 4080 patres
683 3997 860 4079 primitive
877 3995 1028 4060 ecclesie
1039 3995 1196 4059 frustrati
1212 4016 1231 4059 a
1246 3996 1364 4059 fructu

432 4197 464 4238 ¹2,
478 4184 509 4229 13.
525 4185 680 4240 multiplicant
691 4216 712 4227 ..
727 4185 874 4237 ,addisccrc;
889 4186 920 4227 ita
935 4184 1003 4228 codd.
1060 4196 1093 4237 ¹4·
1110 4183 1197 4228 cnud:
1210 4182 1362 4240 prefuerunt.

379 4255 413 4299 15.
438 4255 466 4298 B:
484 4256 638 4309 privilegiam
720 4267 757 4307 24.
778 4253 843 4298 Codd
860 4270 864 4297 :
884 4255 962 4297 leuem.
1036 4266 1064 4310 29
1093 4253 1133 4298 ΑΒ
1157 4255 1180 4297 in
1206 4267 1292 4309 marg:
1316 4254 1364 4298 Lex

377 4324 468 4366 Chrrrn'
480 4323 678 4379 sufficientissima
693 4329 732 4367 est.
