3008 5026
163 393 232 439 CAP.
251 382 315 470 xil]
461 401 507 452 DE
525 401 737 453 POTESTATE
756 404 853 455 PAPE.

161 559 265 635 scitis,
289 563 326 622 nt
347 560 513 622 reueletur
534 559 570 622 in
589 578 651 623 suo
666 565 833 642 tempora·
854 582 937 629 nam
954 567 1148 630 misterium

164 665 235 727 iam
251 668 415 745 operatur
435 663 635 746 iniquitatis,
664 670 798 730 tantum
818 671 930 750 utqui
951 675 1037 734 tenet
1059 689 1149 734 nunc

162 773 281 849 teneat,
304 769 408 831 donec
430 768 472 831 de
494 769 606 831 medio
620 769 699 848 fiat.
722 769 764 833 Et
773 776 853 835 tnnc
874 776 1078 838 revelabitur
1093 777 1149 839 ille

162 875 307 954 iniquus,
323 891 422 953 quem
437 875 598 937 dominus
613 873 730 938 Iliesus
745 876 921 957 interficiet
935 880 1060 960 spiritu
1075 881 1149 944 oris

135 979 217 1042 §sui
232 983 262 1040 et
277 980 424 1041 destruet
439 979 671 1042 illustracione
685 980 851 1043 adventus
864 983 921 1045 sui
943 1001 1032 1064 eum,
1050 985 1148 1048 cuius

161 1088 210 1147 est
240 1084 404 1147 aduentus
438 1084 625 1147 secundum
662 1085 899 1166 operationem
935 1088 1077 1152 sathane
1112 1090 1148 1152 iu

161 1189 257 1251 omui
289 1188 411 1250 virtute
440 1192 471 1250 et
501 1188 612 1268 siguis
632 1192 663 1250 et
680 1189 857 1271 prodigiis
878 1192 1096 1256 mendacibus
1118 1198 1148 1256 et

161 1293 198 1354 in
222 1291 317 1355 omni
336 1291 534 1355 seductione
555 1292 743 1373 iniquitatis
763 1293 840 1376 ltiis,
863 1295 922 1376 qni
932 1301 1086 1378 pereunt,
1109 1315 1146 1361 eo

160 1397 250 1476 qrrod
279 1396 459 1459 caritatem
492 1396 645 1459 veritatis
666 1415 734 1460 nou
757 1405 962 1481 receperunt,
993 1406 1029 1464 ut
1059 1402 1148 1465 salvi

117 1521 150 1554 ιο
151 1500 295 1580 fierent·
316 1500 391 1563 ideo
414 1500 521 1562 mittet
542 1499 611 1563 illis
629 1499 723 1564 Deus
744 1503 983 1583 operaciouem
1005 1507 1147 1586 erroris,

160 1608 198 1666 ut
212 1605 354 1667 credant
368 1605 558 1684 mendacio,
581 1609 618 1666 ut
635 1605 828 1669 indicentur
850 1626 976 1682 omnes,
999 1610 1058 1690 qui
1078 1627 1147 1673 non

160 1709 377 1772 crediderunt
412 1709 558 1788 veritati,
594 1710 655 1772 sed
691 1718 930 1776 consenserunt
966 1714 1146 1795 iniquitati.

161 1811 271 1875 Istum
304 1819 418 1875 autem
450 1819 590 1875 textum
629 1814 799 1896 exposuit
830 1815 1054 1900 Augustinus
1092 1837 1145 1881 se·

161 1915 314 1979 cundum
345 1923 482 1998 partem
516 1935 563 1979 ex
596 1925 693 1981 certa
716 1917 871 1982 sciencia
894 1928 930 1984 et
952 1921 1146 1985 secundum

117 2027 147 2077 15
160 2019 260 2082 aliam
269 2029 406 2103 partem
420 2028 598 2103 tamquam
614 2040 757 2084 sensum
770 2023 992 2106 probabilem
1000 2046 1009 2104 ;
1027 2034 1146 2089 certus

160 2134 216 2188 est
247 2124 340 2188 enim
371 2125 468 2208 quod
497 2124 698 2209 Apostolus
725 2126 782 2190 hic
804 2129 957 2210 loquens
980 2130 1025 2192 de
1047 2129 1146 2192 Anti·

160 2229 292 2293 christo
324 2238 431 2294 vocat
469 2249 549 2293 eum
586 2231 763 2294 hominem
794 2231 936 2314 peccati
971 2243 1008 2297 et
1036 2232 1145 2296 filium

158 2332 387 2418 perdicionis,
429 2333 490 2416 qui
527 2333 711 2398 extollitur
748 2354 856 2419 super
893 2356 1006 2419 omne,
1048 2337 1146 2420 quod

160 2438 288 2502 dicitur
303 2438 413 2504 Deus.
436 2438 501 2501 Est
517 2437 644 2502 iterum
661 2438 886 2521 Augustinus
902 2440 995 2505 sicut
1014 2449 1050 2504 et
1063 2441 1145 2523 pius

114 2563 149 2598 20
160 2544 352 2626 theologus
375 2544 420 2606 de
442 2544 510 2606 hoc
527 2552 657 2620 certus,
681 2544 779 2626 quod
795 2543 1003 2628 cuicumque
1018 2543 1146 2609 viatori

159 2647 227 2709 iste
252 2645 481 2710 condiciones
503 2646 719 2710 conveniunt
741 2647 798 2711 hic
822 2658 879 2712 est
893 2647 1144 2713 Antichristus.

159 2750 206 2813 Et
238 2759 293 2813 est
316 2750 428 2814 tercio
451 2750 520 2815 iste
548 2760 690 2814 sanctus
719 2761 837 2815 certus
862 2753 960 2835 quod
983 2751 1144 2816 Christus

79 2857 130 2922 42⁸
158 2874 231 2918 non
254 2854 375 2919 veniet
406 2855 450 2918 ad
483 2855 575 2918 diem
598 2855 711 2919 finalis
733 2854 861 2938 iudicii,
893 2877 1000 2939 quem
1020 2859 1025 2938 Ι
1045 2856 1143 2941 Apo·

158 2961 271 3023 stolus
295 2969 403 3023 vocat
430 2959 522 3023 diem
544 2959 700 3041 Domini,
731 2960 947 3025 iudicaturus
970 2961 1073 3025 vivos
1106 2970 1144 3026 et

113 3067 316 3128 25mortuos
347 3063 415 3126 nisi
452 3064 550 3147 prius
582 3062 732 3129 venerit'
759 3065 804 3128 ad
833 3066 1076 3129 seducendum
1107 3066 1143 3129 in

158 3169 271 3233 anima
311 3178 471 3234 mortuos
513 3168 589 3232 eius
631 3169 854 3233 adversarius
891 3170 1141 3236 Antichristus,
1160 3183 1211 3229 Tne
1225 3187 1311 3281 tempe
1325 3187 1352 3229 or

206 3273 214 3287 .
413 3274 420 3289 .
517 3274 524 3288 .
1000 3274 1007 3289 ,
1152 3236 1204 3281 God
1231 3248 1273 3292 top
1291 3239 1353 3282 ested

156 3274 275 3338 Primo
292 3276 390 3357 quod
412 3283 480 3338 iste
497 3283 544 3337 sit
560 3292 686 3337 sensus
701 3284 824 3338 textus
839 3276 1019 3357 Apostoli,
1042 3276 1139 3357 quod
1196 3293 1223 3333 ot·
1235 3290 1255 3332 u
1269 3291 1307 3334 ue

158 3378 411 3458 AntichristuS,
453 3399 559 3461 quem
584 3387 689 3442 vocat
712 3379 884 3461 refugam,
927 3378 1070 3442 sedebit
1105 3379 1140 3442 in
1202 3341 1306 3388 eiures.

156 3484 292 3566 templo
323 3483 404 3565 Dei,
441 3484 509 3546 hoc
548 3493 604 3547 est
633 3482 670 3547 in
703 3483 863 3561 ecclesia,
901 3503 978 3560 non,
1015 3483 1140 3566 inquit,

112 3593 146 3646 30
156 3590 320 3670 templum
344 3589 493 3652 alicuius
506 3589 606 3668 ydoli
628 3590 680 3652 vel
701 3589 856 3651 demonis
886 3589 1051 3670 templum
1076 3588 1141 3652 Dei

156 3698 251 3757 vocat
273 3694 456 3775 apostolus,
479 3692 684 3774 intelligens
706 3711 772 3775 per
787 3691 1045 3755 Antichristum
1068 3712 1139 3756 non

155 3799 269 3861 solum
300 3796 415 3880 ipsum
446 3796 655 3880 principem,
693 3797 758 3860 sed
788 3795 1046 3860 multitudinem
1080 3796 1139 3860 im·

155 3901 294 3985 piorum
325 3900 503 3964 hominum
526 3900 586 3984 qui
617 3909 701 3964 sunt
722 3900 983 3983 quodammodo
1008 3920 1139 3984 corpus

156 4005 240 4071 eius.
267 4003 361 4071 Unde
383 4008 419 4070 in
439 4018 540 4087 greco
564 4007 700 4079 dicitnr,
722 4010 902 4086 tamquam
917 4006 954 4068 in
973 4007 1138 4087 templum

208 4221 244 4262 ²4·
261 4208 289 4252 ll:
305 4210 366 4252 diem
380 4212 425 4254 die.
482 4220 518 4264 ²7·
535 4208 623 4252 codd:
637 4210 714 4263 primo
728 4208 792 4263 quoa
804 4209 861 4252 niter
874 4208 981 4263 apostoli.

207 4347 247 4396 29·
266 4349 324 4400 pte·
344 4334 400 4401 597·
