3008 5026
693 437 865 489 Jounnnrs
884 437 1025 492 wreus
1204 421 1288 512 [car.
1303 431 1356 477 vu.

364 605 469 661 tenus
497 617 591 681 papa
619 596 800 662 dormierit
828 617 980 681 sompno
1004 598 1177 682 spirituali
1202 598 1357 677 letifero,

365 703 482 766 nullus
506 702 763 785 dampnabilius
785 723 827 767 se
849 703 965 787 ipsum
989 705 1228 788 condempnat
1252 706 1358 769 etad

366 809 521 874 officium
543 807 631 871 illud
652 806 860 886 inhabilitat,
884 828 964 871 curn
986 807 1054 874 sibi
1076 808 1147 892 ipsi
1168 809 1204 873 in
1224 809 1299 874 vita
1320 819 1359 875 et

365 913 507 978 nomine
524 913 745 978 contradicit.
777 913 854 977 Nec
871 914 983 978 debet
1012 914 1244 980 communitas
1272 916 1358 979 fide·

182 1029 204 1074 lt
215 1036 264 1084 not,
278 1030 317 1073 the
365 1020 448 1084 lium
465 1019 568 1102 sequi
577 1020 699 1096 talem3
712 1019 820 1082 habet
843 1018 937 1082 enim
960 1037 1007 1081 ex
1022 1018 1207 1083 mendacio
1218 1015 1384 1104 signum⁵

148 1081 589 1208 diiiiiioid‘ii'rdpotissimum
612 1122 832 1204 Antichristi,
863 1131 904 1186 ut
926 1123 1082 1188 declarat
1104 1123 1359 1208 Crysostomus

366 1227 504 1295 Omelia
527 1227 624 1309 VIII,
650 1247 838 1311 exponens
865 1228 952 1292 illud
977 1227 1022 1293 ΙΙ.
1045 1228 1158 1293 Thim.
1182 1228 1246 1309 III,
1273 1249 1285 1292 1
1317 1229 1359 1294 Iu

365 1335 564 1398 novissimis
595 1335 713 1397 dtehus
750 1333 924 1397 instabunt
960 1339 1117 1417 tempora
1149 1336 1360 1418 perleulosa,

365 1439 427 1503 ubi
450 1439 606 1503 declarat
627 1437 852 1521 processisse
874 1438 1055 1503 hereticos
1081 1459 1101 1502 a
1122 1438 1242 1503 mundi
1263 1438 1359 1522 prin·

367 1544 472 1627 cipio,
500 1544 656 1627 dyabolo
686 1550 810 1607 contra
837 1542 1097 1626 plantacionem
1121 1543 1191 1608 Dei
1216 1544 1358 1607 menda·
1373 1556 1403 1590 ¹0

367 1649 457 1713 cium
482 1647 687 1713 seminante.
709 1648 757 1711 Et
779 1649 1108 1730 correspondenter
1123 1649 1169 1712 de
1191 1649 1359 1713 membrIs

365 1755 513 1817 istorum
538 1761 717 1816 causatum
740 1759 780 1814 ut
800 1750 911 1834 Caym
936 1761 1060 1815 contra
1075 1752 1181 1824 Abel,
1203 1752 1267 1816 filii
1287 1752 1360 1816 Dei

366 1867 488 1923 contra
501 1857 594 1922 filios
608 1856 797 1933 hominum,
819 1856 999 1920 Abraham
1016 1865 1053 1920 et
1067 1856 1216 1936 Pharao,
1231 1855 1359 1921 Yacob

367 1970 403 2026 et
425 1962 531 2043 Esau,
558 1960 709 2044 Moyses
733 1969 768 2024 et
790 1959 895 2043 magi,
926 1961 1105 2043 prophete
1138 1969 1175 2024 et
1204 1962 1360 2044 pseudo·

366 2068 554 2150 prophete,
578 2063 731 2147 apostoli
754 2072 790 2127 et
812 2064 1119 2147 pseudoapostoli,
1137 2064 1299 2130 Christus
1312 2071 1361 2130 'et
1374 2067 1402 2118 ¹5

368 2169 608 2235 Antichristus
631 2167 799 2232 continue
835 2178 1081 2251 repugnarunt
1120 2177 1158 2233 et
1191 2169 1360 2234 continue

368 2275 621 2358 opponebatur
652 2270 874 2335 mendacium
905 2271 1058 2336 veritati
1096 2271 1280 2353 Dyaholus,
1311 2273 1361 2337 in·

369 2379 455 2462 quit,
479 2383 508 2441 et
529 2377 688 2440 membra
702 2394 768 2439 sua
784 2377 944 2458 operibus
957 2377 1060 2439 nichil
1074 2381 1279 2460 monstrant,
1302 2380 1363 2443 sed

368 2484 479 2548 verbis
495 2495 627 2562 magua
634 2481 731 2561 false
741 2482 958 2563 promittunt,
973 2486 1011 2544 ut
1022 2487 1116 2563 patet
1128 2478 1243 2546 Grues.
1261 2481 1363 2562 III,5

368 2589 426 2652 ubi
475 2587 556 2649 dicit
587 2588 768 2665 dyabolus:
799 2582 1023 2667 Nequaquam
1056 2587 1264 2668 moriemini,
1302 2589 1406 2652 sed20

369 2693 465 2755 erilis
487 2692 574 2754 sicut
596 2692 656 2752 dii.
696 2689 803 2770 Quod
828 2688 857 2754 si
880 2690 925 2753 de
949 2689 1146 2754 maioritate
1170 2691 1362 2773 potestatis

367 2813 546 2879 pompose
568 2794 815 2858 contendimus
835 2801 871 2856 et
893 2793 930 2857 in
946 2793 1018 2857 vita
1038 2814 1078 2858 ac
1094 2794 1227 2858 sanctis
1243 2795 1362 2878 operi·

368 2902 437 2963 bus
469 2917 589 2961 sumus
613 2897 763 2975 steriles,
796 2897 1059 2961 absolucionem
1096 2917 1116 2960 a
1146 2917 1239 2981 pena
1273 2911 1311 2962 et
1342 2920 1363 2962 a

370 3002 474 3085 culpa
503 3021 569 3084 pro
597 3000 749 3083 pecunia
776 3001 1027 3083 promittentes
1051 3008 1089 3064 et
1111 3011 1230 3065 tamen
1252 3002 1288 3065 in
1312 3004 1362 3067 vi·

369 3106 488 3170 vendo
506 3104 646 3168 Christo
664 3105 893 3168 conformiter
909 3104 1072 3170 subditos
1095 3126 1167 3169 non
1189 3105 1363 3187 iuvantes,
1375 3116 1406 3168 25

371 3230 491 3276 sumus
517 3209 662 3272 indubie
687 3209 905 3274 Antichristi.
942 3208 1047 3290 Quod
1074 3210 1105 3274 si
1120 3219 1304 3293 torpemus
1327 3211 1364 3275 in

371 3314 617 3380 declaracione
646 3313 776 3393 talium,
800 3312 954 3396 Spiritus
979 3313 1131 3379 Sanctus
1159 3315 1364 3381 necessario

372 3419 560 3502 dissipabit
588 3418 773 3481 consilium
798 3417 989 3498 Achitofel,
1017 3418 1180 3483 dividens
1207 3421 1366 3484 membra

218 3523 223 3535 '
256 3523 305 3566 ''⁸
370 3521 581 3587 Antichristi
604 3523 647 3583 ab
664 3521 816 3584 invicem
838 3520 1005 3584 fidelibus
1020 3521 1225 3604 precipiens
1248 3543 1295 3587 ne
1311 3543 1365 3587 se·

372 3635 532 3712 quantur.
578 3625 667 3689 Nam
699 3625 822 3687 Matth.
855 3624 997 3704 XXIV,
1031 3645 1048 3704 5
1086 3626 1229 3691 dicitur:
1263 3625 1367 3691 Multi
1377 3639 1410 3690 30

371 3735 502 3798 venient
539 3732 576 3793 iu
613 3730 750 3792 nominc
782 3748 866 3807 meo,
898 3731 1043 3793 diceutes
1079 3732 1161 3812 quio
1193 3745 1253 3813 ego
1285 3752 1365 3798 sum

374 3838 530 3904 Christus
549 3833 554 3921 Ι
574 3840 603 3899 et
627 3836 753 3898 multos
775 3834 940 3914 seducent,
973 3834 1070 3916 quod
1103 3855 1181 3899 cum
1213 3856 1366 3901 necesse
1399 3844 1453 3914 198·

372 3943 418 4007 sit
450 3960 530 4005 esse
552 3959 676 4003 verum
709 3937 753 4001 ad
784 3937 931 4016 literam,
964 3947 1065 4022 patet
1093 3940 1191 4022 quod
1219 3949 1367 4024 oportet

371 4050 439 4112 hoc
463 4044 638 4109 verificari
666 4046 711 4106 de
739 4042 1038 4125 pretendentibus
1066 4064 1106 4107 se
1130 4064 1211 4109 esse
1236 4045 1368 4112 Christi

425 4264 457 4297 ια,
473 4250 607 4295 Causarum.
621 4249 711 4295 (20de
726 4254 799 4293 catu·
854 4262 888 4294 21.
903 4249 944 4294 ΑΒ
959 4250 982 4294 ln
998 4261 1084 4305 merge
1100 4251 1239 4296 AuIIclristr‘
1248 4253 1292 4308 qni
1303 4257 1366 4298 runt.

424 4393 448 4443 7.
467 4379 537 4444 Opp.
556 4387 622 4427 tom.
640 4377 683 4442 lll,
702 4392 727 4443 p.
746 4375 806 4440 643.
881 4391 919 4442 ¹7·
940 4376 1056 4444 Loosely
1074 4379 1184 4443 quoted.
