3008 5026
154 407 284 497 canis]
453 427 496 478 DE
517 425 727 477 POTESTnTE
748 427 844 478 ΡΑΡΕ.

155 603 234 647 cors
268 583 434 659 amicicia,
473 584 571 665 quod
604 583 794 647 christiano
828 592 1004 664 sequente
1037 603 1141 644 unum

156 707 276 751 eorum
308 688 343 750 in
379 687 547 763 moribus,
586 688 748 769 sequitur
786 707 908 750 eorum
947 685 1143 768 quemlibet

155 792 345 856 cuiuslibet
368 812 489 855 eorum
518 792 553 854 in
576 793 688 876 gradu
713 811 779 855 suo
804 790 1010 873 discipulus.
1049 788 1143 854 Satis

156 905 220 978 est,
245 917 324 959 cum
348 904 384 959 et
408 895 550 958 omnino
575 905 722 978 oportet
744 897 840 977 quod
864 894 1075 958 christianus
1098 893 1144 957 sit

130 999 285 1064 §Christi
309 1001 515 1083 discipulus
540 1010 576 1063 et
599 1001 650 1062 sic
673 1000 806 1063 nitetur
822 998 1032 1082 explanacio
1049 998 1144 1061 beati

154 1104 337 1187 Jeronymi
360 1104 396 1166 in
413 1104 482 1166 fine
500 1103 627 1179 addita,
652 1106 794 1186 quando
815 1104 956 1167 dicitur:
978 1103 1143 1186 Quicmn-

155 1229 216 1290 que
240 1229 306 1273 non
330 1211 455 1290 colligit
470 1227 548 1271 cnm
559 1209 715 1271 Romano
738 1209 896 1290 pontifice
917 1210 1062 1290 spargit,
1086 1209 1145 1270 lroc

156 1321 213 1393 est,
237 1312 360 1396 inquit,
383 1315 441 1394 qni
459 1311 586 1377 Christi
601 1333 666 1375 non
689 1318 746 1387 est,
769 1313 971 1376 Anticlrrisli
993 1318 1049 1387 est,
1073 1331 1144 1374 non

157 1428 273 1480 tamen
301 1418 397 1500 quod
421 1417 585 1479 Romana
613 1416 765 1479 ecclesia
794 1436 883 1499 sepe
907 1416 1054 1479 sumitur
1077 1436 1144 1498 pro

116 1555 146 1587 ιο
157 1522 403 1604 qualicumque
422 1541 516 1603 papa
532 1531 568 1584 et
584 1521 657 1583 suis
675 1520 920 1593 cardinalibus,
932 1520 1145 1602 ubicumque

157 1627 402 1699 habitaverint,
426 1625 694 1707 quomodolibet
711 1625 969 1688 conversando.
993 1625 1056 1686 sed
1077 1625 1146 1687 ista

158 1730 374 1812 signiticacio
409 1729 615 1792 seculariter
648 1738 685 1792 et
711 1728 973 1791 inlundabiliter
1001 1738 1057 1789 est
1085 1747 1146 1790 ex-

159 1845 261 1903 torta,
286 1844 323 1898 et
345 1834 427 1897 ideo
450 1833 612 1896 nimirum
635 1832 775 1896 intricat
799 1832 994 1896 ecclesiam.

203 1938 370 2001 Secundo
404 1939 595 2001 notandum
629 1957 676 2000 ex
708 1938 804 1999 dicto
837 1936 932 1999 beati
963 1936 1147 2019 Jeronymi
1156 1937 1268 2034 &1³:322
1279 1939 1363 2044 ἔξω

118 2045 256 2124 isquod
288 2042 500 2125 quicumque
534 2041 694 2105 diviserit
727 2051 849 2103 contra
882 2040 1055 2104 Christum
1091 2051 1147 2105 est
1160 2054 1199 2086 Μ
1213 2042 1362 2086 soricinus.

159 2147 408 2223 Antichristus
421 2147 619 2209 cuiusmodi
634 2158 718 2208 sunt
733 2146 880 2228 superbi
896 2157 931 2208 et
946 2145 1148 2228 specialiter

160 2253 366 2314 sacerdotes
406 2252 540 2314 cesarei
573 2251 645 2332 legi
679 2249 809 2313 Christi
847 2251 1019 2313 contrarii.
1058 2249 1146 2312 Nam

160 2358 354 2418 secundum
381 2358 525 2418 beatum
551 2354 764 2440 Gregorium
792 2357 908 2417 nullus
937 2356 971 2418 in
996 2355 1148 2419 ecclesia

161 2461 273 2543 magis
306 2469 421 2534 nocet,
454 2470 492 2521 ut
525 2462 713 2542 allegatum
739 2469 794 2522 est
818 2479 864 2521 cx
888 2461 1046 2523 secundo
1072 2480 1146 2542 cap.

116 2565 262 2647 zopriml
299 2565 357 2628 De
395 2564 485 2628 Cura
522 2565 705 2639 Pastorali,
745 2573 782 2626 et
819 2585 884 2646 per
922 2584 1148 2647 consequens

160 2671 275 2732 nullus
309 2679 365 2732 est
396 2668 546 2751 nequior
578 2669 828 2732 Antichristus.
862 2670 909 2732 Fr
938 2669 1007 2731 isto
1041 2669 1147 2732 modo

161 2773 316 2856 loquitur
338 2774 521 2836 decretum
552 2775 597 2835 de
621 2773 840 2837 Antichristo
870 2776 936 2835 sub
961 2772 1149 2836 autoritate

163 2878 337 2960 Gregorii,
362 2877 454 2939 XVI
472 2878 613 2958 questio
635 2876 721 2940 VII:
746 2877 902 2940 Pervenit
925 2880 972 2941 ad
994 2897 1063 2951 nos,
1089 2876 1150 2939 ubi

162 2982 299 3058 dicitur,
337 2984 427 3062 qriod
463 2983 604 3061 qnidam
644 2983 791 3062 episcopi
823 2988 1026 3044 consumunt
1063 2984 1148 3044 hona

119 3102 150 3151 23
159 3106 356 3169 {tuliparum
374 3088 483 3148 trihus
499 3087 628 3148 modis:
646 3086 766 3167 primo
783 3087 818 3147 in
836 3086 1002 3149 militibus
1023 3091 1052 3149 et
1067 3087 1150 3148 aliis

162 3193 281 3275 loreis,
308 3193 367 3271 qui
389 3193 480 3273 ipsos
494 3189 614 3271 forent
636 3196 665 3253 el
687 3196 872 3272 protegunt
899 3192 933 3253 in
954 3191 1070 3271 glorio
1094 3208 1148 3253 se-

162 3297 285 3375 culari,
316 3297 462 3359 secundo
495 3298 529 3357 in
562 3300 781 3358 monstruoso
804 3294 952 3374 familia
986 3301 1015 3358 et
1047 3295 1149 3357 tercio

161 3401 251 3480 qnod
277 3406 325 3464 est
348 3401 495 3482 gravius
518 3402 552 3462 iu
576 3401 846 3482 consangnineis
886 3398 930 3462 Et
954 3420 1000 3461 ex
1025 3399 1147 3462 diffini·
1164 3417 1226 3462 Suel
1243 3427 1281 3460 ne
1296 3427 1361 3475 mon

164 3505 264 3568 cione
289 3504 401 3567 sancti
424 3504 504 3567 talis
529 3504 722 3586 episcopus
739 3504 837 3567 'inter
860 3504 1030 3567 maximos
1050 3505 1148 3566 here·
1176 3479 1352 3574 illllllllil.

120 3609 254 3674 toticos
278 3618 314 3672 et
346 3608 571 3672 antichristos
604 3628 674 3671 non
699 3608 858 3670 minimus
892 3609 1074 3684 habeatur,
1113 3617 1150 3671 et
1186 3571 1344 3628 rrueprieos.

163 3713 257 3776 forte
290 3713 320 3776 si
352 3732 475 3776 omnes
509 3712 671 3796 episcopi
702 3712 809 3775 hodie
840 3713 876 3774 in
908 3712 1039 3794 Anglia
1071 3732 1150 3776 cum

163 3816 339 3900 religiosis
372 3828 409 3881 et
436 3816 655 3882 secularibus
680 3815 731 3879 eis
755 3817 1004 3880 consentaneis
1029 3824 1152 3882 essent

164 3921 293 4004 signati
316 3922 352 3985 in
368 3923 485 3986 fronte
502 3922 606 4005 signo
622 3921 749 3998 bestie,
773 3930 914 4004 pateret
930 3924 1028 4004 quod
1043 3925 1150 4005 longe

218 4159 240 4202 9.
257 4145 454 4202 mareotidem,
470 4147 499 4190 ib.
517 4149 549 4191 A:
563 4159 616 4202 per.
671 4159 708 4190 22.
725 4145 815 4190 eota:
831 4147 978 4191 Antichristo.

218 4287 259 4326 ao.
283 4273 413 4339 Gregorii,
441 4275 479 4324 De
503 4273 572 4324 Cura
595 4274 664 4323 Post.
687 4272 704 4326 l.
727 4288 749 4324 c.
835 4274 874 4328 23.
899 4273 963 4339 Cap.
990 4272 1022 4322 111
1050 4272 1151 4342 loosely

165 4362 273 4426 quoted.
347 4362 386 4415 28.
406 4361 470 4429 Cap.
490 4361 508 4411 ll
529 4359 588 4412 Non
607 4364 644 4413 est
655 4359 748 4425 facile.
