3008 5026
127 1410 157 1443 ιι.
174 1398 261 1441 Gratus
276 1398 302 1442 ol

124 1451 301 1547 llllllb‘ss‘

115 2765 147 2812 ιρ-
163 2754 306 2810 Opposiliou

126 2818 149 2848 ιιι
164 2808 234 2862 rtndy
249 2808 294 2851 and

114 2858 171 2904 dced
186 2868 213 2956 1ss
216 2861 319 2957 w(ll'lrrist's

654 408 824 458 romulus
841 407 982 458 wuctu
1168 388 1253 476 [tzar.
1272 404 1321 448 ιιι.

327 584 452 629 servus
485 563 628 628 timeret
659 564 728 627 sibi
761 565 968 646 expendere
997 567 1223 648 corporalem
1247 567 1321 629 the·

327 690 466 734 sautum
500 668 632 733 domini
664 669 896 749 dominorum,
938 678 976 733 et
1008 670 1215 752 specialiter
1243 692 1321 755 pre·

326 776 499 839 sumendo
515 774 688 839 blasfeme
703 782 922 857 potestatem
933 782 971 838 et
984 775 1127 837 modum
1137 775 1320 858 proprium

325 879 405 962 regi
426 899 561 962 regum,
591 899 670 942 cum
693 879 787 941 enim
810 878 890 942 talis
913 898 985 942 non
1012 879 1192 942 humiliter
1215 881 1321 944 intrat

326 1004 391 1067 per
429 983 568 1059 ostium,
612 983 677 1047 sed
715 983 874 1048 ascendit
912 988 1067 1066 superbe
1112 984 1339 1067 dirumpens-⁴-

326 1098 460 1154 tectum
499 1088 653 1152 ecclesie
691 1089 882 1166 caritatem,
921 1096 959 1151 et
992 1088 1208 1171 sophisticat
1247 1093 1316 1153 the·

328 1213 469 1258 sautum
493 1192 646 1269 Domini,
678 1202 789 1258 restat
820 1201 859 1256 ut
891 1193 927 1256 in
954 1192 1049 1256 finali
1075 1192 1208 1259 iudicio
1238 1213 1317 1258 con·

328 1300 552 1380 dempnetur.

371 1401 568 1466 Undecima
590 1401 714 1466 abusio
739 1411 795 1465 est
818 1403 915 1484 quod
930 1421 1025 1485 papa
1043 1401 1079 1465 in
1100 1402 1317 1485 preficiendo

329 1507 439 1569 duces
471 1505 650 1570 christiani
682 1506 862 1570 exercitus
895 1515 1019 1569 contra
1048 1507 1255 1588 dyabolum,
1285 1506 1317 1568 in
1331 1527 1357 1560 ιο

328 1609 560 1694 preiudicium
578 1610 706 1675 Christi
723 1619 887 1693 acceptat
907 1629 1081 1693 personas
1098 1612 1158 1673 vel
1172 1611 1319 1694 respicit

329 1737 430 1780 suum
463 1716 684 1779 commodum
718 1716 925 1798 temporale.
963 1714 1079 1778 Nichil
1112 1715 1206 1779 enim
1241 1736 1315 1779 con·

329 1820 491 1885 vinceret
529 1819 737 1883 evidencius
768 1821 866 1902 quod
897 1819 997 1883 venit
1033 1819 1198 1902 proditor
1222 1821 1317 1883 Anti·

330 1925 492 2004 christus,
519 1943 598 1988 cum
623 1926 773 1988 subdole
797 1924 937 1988 seducit
965 1924 1192 1988 christianum
1218 1945 1317 1988 exer·

331 2030 437 2093 citum
464 2049 530 2112 per
558 2029 769 2111 capitaneos
797 2030 971 2092 subdolos
1002 2036 1103 2092 secte
1132 2049 1209 2106 sue,
1237 2037 1358 2112 ymori

330 2155 408 2198 cum
425 2133 586 2197 Christus
609 2134 644 2197 in
666 2134 844 2215 paciendo
861 2133 992 2215 accipit
1007 2133 1320 2197 denominaciones

331 2243 566 2303 membrorum
583 2258 737 2315 suorum,
760 2248 798 2300 ut
812 2245 913 2320 patet
928 2238 1051 2301 Matth.
1069 2236 1191 2318 XXV,
1216 2239 1319 2301 mani-

329 2343 459 2405 festum
492 2344 666 2424 estquod
693 2342 826 2418 falsius,
854 2342 1006 2423 nequius
1034 2352 1071 2405 et
1093 2342 1323 2424 multiplicius

330 2466 433 2529 quam
458 2446 621 2510 Scarioth
654 2446 913 2510 crudelioribus
947 2447 1113 2510 hostibus
1144 2446 1240 2527 legis
1264 2466 1323 2510 ve·

328 2550 414 2615 teris
435 2550 439 2635 Ι
460 2553 601 2615 tradunt
634 2551 820 2627 Christum,
855 2560 894 2614 ut
925 2551 1040 2632 tangit
1068 2550 1324 2633 Crysostomus
1349 2557 1397 2606 25³⁴

330 2655 468 2719 Omelia
489 2655 640 2719 XXVII
664 2655 795 2738 Operis
819 2654 1033 2737 Imperfeet'u

373 2761 594 2823 Duodecima
609 2761 735 2823 abusio
753 2770 810 2823 est
821 2761 919 2842 quod
934 2780 1028 2842 papa
1039 2769 1109 2823 tam
1119 2760 1155 2822 in
1165 2781 1324 2843 persona

330 2884 393 2926 sua
425 2884 530 2946 quam
562 2864 597 2927 in
630 2865 703 2928 suis
732 2865 884 2947 satrapis
912 2864 1072 2928 innititur
1101 2873 1173 2926 tam
1201 2867 1322 2929 studio

330 2988 433 3051 quam
455 2968 559 3051 praxi
588 2969 770 3033 contrariis
795 2969 867 3051 legi
891 2968 1031 3046 Christi,
1061 2988 1139 3032 cum
1168 2971 1229 3033 lex
1254 2970 1324 3033 Dei

331 3082 367 3136 et
390 3093 448 3136 ars
472 3074 616 3137 curandi
639 3094 703 3136 sua
725 3074 957 3156 postponitur
972 3083 1008 3137 et
1029 3092 1084 3136 ars
1100 3093 1250 3137 cesarea
1264 3076 1362 3137 velo

330 3176 592 3240 antichristiana
614 3179 800 3242 inducitur.
825 3179 870 3241 Et
892 3177 998 3241 istum
1018 3180 1168 3241 abusum
1186 3178 1324 3262 Grego-

328 3283 402 3346 rius
426 3303 515 3365 sepe
540 3283 770 3364 conquiritur,
794 3284 888 3346 unde
913 3283 1054 3346 mandat
1076 3283 1169 3346 libro
1187 3283 1223 3347 II
1247 3305 1324 3366 cap.

330 3387 461 3469 primo:
490 3386 588 3467 Quod
610 3394 720 3450 rector
742 3390 786 3450 sit
808 3407 874 3469 pre
895 3389 1024 3451 cimelia
1038 3385 1325 3468 contemplacione

331 3511 517 3572 suspensus
538 3493 766 3573 internorum,
791 3511 913 3555 curcrm
939 3494 974 3554 in
995 3492 1201 3555 exoriomun
1223 3512 1323 3556 occu·

329 3599 473 3677 pocione
488 3614 555 3658 uon
573 3598 740 3660 minuens.
758 3596 843 3659 Cum
862 3597 953 3659 enim
970 3595 1156 3678 predicare
1172 3600 1324 3661 verbum
1335 3608 1365 3657 30

332 3699 401 3762 Dei
426 3707 462 3762 et
487 3719 609 3762 curare
633 3700 764 3763 animas
786 3701 979 3763 secundum
996 3708 1106 3762 artem
1124 3700 1255 3763 Christi
1278 3702 1325 3765 sit

333 3803 544 3886 precipuum
576 3826 671 3888 pape
704 3807 870 3883 officium,
902 3814 1003 3888 patet
1035 3807 1133 3887 quod
1166 3807 1211 3868 ad
1243 3827 1324 3869 eum

333 3918 474 3991 spectat
490 3908 642 3973 dimissis
659 3911 751 3974 curis
769 3911 919 3974 terrenis
932 3917 1045 3973 verbo
1063 3909 1113 3973 illi
1130 3910 1326 3975 intendere.

333 4015 380 4076 Et
401 4014 492 4077 idem
519 4015 631 4079 credit
654 4015 722 4079 iste
747 4024 890 4080 sanctus
912 4015 948 4079 in
971 4015 1106 4079 monitu
1128 4015 1222 4100 legis
1245 4017 1327 4082 Dei.

388 4302 407 4344 7⁴
424 4293 457 4333 A:
474 4291 560 4333 iudicio
576 4291 598 4333 in
610 4303 683 4346 marg.
697 4291 798 4336 additur.
854 4291 1096 4347 o.tlodd.in1uarg.:
1114 4298 1140 4334 n
1198 4303 1236 4336 22.
1250 4292 1327 4336 (told.

335 4359 357 4401 in
379 4371 463 4413 marga
479 4365 510 4404 lt.
566 4359 604 4404 30.
621 4361 650 4405 B:
665 4373 711 4405 non
727 4361 798 4408 deest.
