3008 5026
183 407 251 457 cm.
271 397 323 486 m]
482 419 526 468 na
547 417 756 470 notescam:
777 417 874 470 elea.

183 572 250 636 XL
284 573 336 637 sic
368 574 561 656 loquentis:
596 575 671 638 Non
705 582 751 639 est
774 576 885 655 facile
916 582 1008 639 stare
1035 577 1071 638 in
1098 578 1170 639 loco

181 678 277 741 Petri
292 684 321 741 et
336 679 440 742 Pauli
456 685 485 741 et
506 685 617 742 tenere
640 681 850 757 cathedram,
873 682 954 760 qllia
978 699 1043 743 eron
1066 700 1169 744 saue-

182 788 296 845 lorum
318 784 393 862 Jilii
423 789 511 857 sunt,
542 785 600 863 qni
631 788 739 846 tenent
770 786 844 846 loca
875 790 1085 858 secretorum,
1112 785 1171 847 sed

181 889 240 966 ptri
269 893 421 951 exercent
448 905 553 969 opera
582 906 713 952 eorum.
753 888 808 949 Ex
833 908 903 969 quo
934 896 1035 970 patet
1073 889 1170 970 quod
1189 885 1377 980 Apopetsnot

159 998 286 1054 §nemo
318 991 365 1054 sit
396 1011 497 1074 papa,
531 990 598 1054 nisi
630 991 676 1054 sit
705 992 836 1055 Christi
869 1001 906 1054 et
936 992 1035 1055 Petri
1066 993 1170 1069 filius
1189 937 1352 1083 foltiiffiu'ii

182 1095 348 1158 imitando
373 1115 436 1158 eos
460 1095 495 1157 in
520 1095 687 1172 moribus,
711 1096 775 1158 sed
800 1095 892 1159 sicut
915 1117 986 1158 non
1010 1096 1171 1160 subiacet
1216 1041 1377 1138 ‘imglis‘

181 1200 352 1280 potestati
380 1199 569 1262 eleccionis
597 1200 748 1261 humane
776 1201 844 1261 hoe
872 1198 1000 1276 facere,
1029 1200 1079 1262 sic
1103 1219 1170 1263 nec

182 1303 343 1367 subiacet
375 1302 547 1385 potestati
582 1305 734 1365 humane
773 1323 902 1386 papam
941 1303 1168 1368 constituere.

181 1406 220 1470 Si
248 1417 364 1471 autem
387 1417 538 1471 vocetur
560 1427 654 1490 papa
693 1408 907 1489 quicumque
940 1427 1045 1488 quem
1078 1408 1169 1472 occi·

141 1513 330 1575 1odentalis
355 1511 507 1575 ecclesia
531 1521 695 1594 acceptat
718 1513 762 1573 ad
787 1510 986 1593 capitaliter
1006 1512 1168 1575 deciden-

181 1617 263 1679 dum
297 1636 420 1679 causas
444 1617 608 1692 ecclesie,
641 1617 684 1678 ad
708 1615 977 1698 precipiendum
1003 1616 1169 1680 fidelibus

180 1719 444 1783 infundabiliter
473 1730 509 1783 et
531 1719 703 1783 blasfeme
726 1741 793 1802 pro
823 1721 1084 1802 congregandis
1107 1741 1169 1803 pe·

181 1824 292 1887 cuniis
315 1832 352 1886 et
374 1823 558 1886 mundanis
574 1825 779 1901 honoribus,
804 1823 926 1886 abusio
952 1834 1007 1887 est
1029 1825 1168 1888 termini

180 1928 417 2004 infundabilis‚
451 1929 551 1992 iuxta
583 1949 685 2010 quam
719 1938 865 2011 oportet
901 1930 937 1991 in
970 1950 1053 1992 casu
1086 1950 1166 1992 con·

140 2033 320 2109 medere,
354 2035 450 2115 quod
478 2032 651 2096 maximus
680 2035 858 2097 hereticus
884 2044 920 2096 et
943 2033 1168 2097 antichristus

180 2137 225 2200 sit
252 2156 356 2219 papa,
389 2137 453 2199 sed
482 2146 520 2200 et
545 2136 754 2199 rudissimus
779 2138 903 2220 laycus
927 2139 986 2200 vel
1014 2137 1166 2214 femella;

180 2250 217 2304 et
248 2241 384 2324 periret
414 2241 504 2304 fides
536 2242 594 2302 vel
626 2241 752 2324 religio
786 2241 895 2323 capiti
927 2242 1080 2304 ecclesie
1111 2242 1167 2304 ad·

179 2346 342 2408 hibenda.

222 2448 327 2512 Unde
351 2458 555 2513 notaremus
579 2449 742 2512 cronicas
768 2449 958 2530 predictas,
987 2451 1167 2530 quomodo
1214 2466 1348 2576 ppenffipip

136 2572 168 2607 20
179 2554 326 2616 inolevit
349 2553 487 2635 papalis
512 2553 675 2635 dignitas.
699 2553 745 2614 Et
765 2563 881 2615 narrat
899 2553 1061 2616 dominus
1077 2554 1166 2615 Ard·
1190 2530 1300 2676 1ιέιὲξὲῑεῖ
1302 2583 1365 2666 fophea

179 2677 343 2720 macanus
371 2658 462 2719 libro
487 2656 556 2719 VII
586 2677 661 2740 cap.
685 2656 817 2719 XXIV
847 2659 891 2719 de
917 2657 1166 2739 questionibus
1194 2687 1230 2718 em
1249 2676 1371 2736 erornuo

178 2763 422 2834 Armenorum,
466 2762 644 2843 quomodo
684 2761 876 2843 imperator
914 2760 1166 2825 Constantinus
1189 2727 1374 2824 ιῗιίιιὲἰῗοῗῗξῆ.

179 2866 270 2928 circa
298 2885 424 2928 annum
452 2865 582 2927 domini
610 2865 898 2928 trecentesimum
924 2865 1074 2947 primum
1097 2866 1166 2928 hoc

178 2970 316 3033 censuit
349 2979 384 3032 et
416 2969 589 3052 precepit,
629 2970 726 3051 quod
765 2989 850 3031 suus
889 2969 1083 3051 episcopus
1121 2971 1165 3031 ab

136 3081 165 3130 25
178 3074 339 3136 omnibus
355 3093 449 3156 papa
465 3082 663 3136 vocaretur.
687 3074 734 3136 Et
749 3073 845 3136 Foca
865 3073 1058 3155 imperator
1074 3073 1166 3135 circa

179 3198 304 3240 annum
329 3177 461 3240 domini
484 3177 782 3240 sexcentesimum
805 3179 873 3240 hoc
898 3178 989 3240 idem
1015 3198 1061 3239 ex
1081 3177 1166 3240 cleri

177 3281 348 3345 instancia
372 3282 603 3358 confirmavit,
627 3291 667 3345 ut
682 3283 813 3364 legitur
830 3283 864 3344 in
883 3282 954 3345 suis
972 3283 1165 3346 annalibus.

178 3387 359 3469 quomodo
383 3386 491 3471 igitur
507 3388 650 3450 saltaret
665 3387 700 3449 in
717 3406 887 3449 summum
910 3396 1165 3449 sacramentum

178 3491 341 3566 ecclesie,
366 3491 462 3573 quod
485 3491 679 3573 imperator
699 3501 861 3554 terrenus
880 3501 951 3552 tam
967 3490 1165 3572 irreligiose

88 3603 150 3652 215·
177 3596 338 3670 instituit,
365 3616 448 3679 ymo
473 3606 512 3659 ut
535 3596 662 3678 inquit:
683 3598 687 3676 Ι
709 3595 748 3659 Si
771 3597 962 3677 imperator
989 3595 1166 3659 Tlmrtnrie

177 3702 352 3764 eeclesiam
369 3703 410 3763 de
426 3699 608 3766 Carrelmlek
627 3705 688 3764 aut
711 3703 751 3764 de
769 3699 897 3781 Catltay
913 3719 1096 3765 conversus
1118 3701 1165 3763 ad

229 3987 251 4019 2.
263 3972 351 4018 Codd.:
362 3975 427 4019 Petri
435 3979 457 4018 et
467 3975 532 4018 Petri
540 3979 628 4018 tenere.
684 3987 719 4018 πο,
737 3975 754 4017 ll
768 3975 791 4019 in
808 3987 892 4030 marg:
909 3975 983 4031 Papa.
1038 3975 1076 4019 25.
1088 3973 1162 4018 Codd.

177 4047 199 4088 in
216 4056 302 4100 marg:
318 4045 405 4100 Papam
419 4046 502 4089 vocari
514 4046 565 4101 quis
578 4045 687 4090 institnit.

234 4188 253 4222 l.
273 4173 350 4224 uecr.
368 4172 457 4221 Prima
471 4171 536 4221 Pars
555 4172 614 4224 dist.
632 4173 685 4233 XI„
705 4187 761 4237 cap.
775 4171 804 4221 ll.
877 4171 916 4221 25.
937 4171 979 4221 Sic
998 4181 1023 4220 ct
1042 4172 1066 4220 iu
1087 4171 1164 4238 Poly·

177 4258 302 4309 chronico
321 4260 352 4325 V,
371 4259 434 4322 416:
459 4259 508 4309 Hic
528 4261 675 4326 impetravit
694 4259 726 4308 ab
747 4261 867 4324 Augusto
887 4257 984 4322 Phoca,
1008 4269 1035 4308 ut
1054 4258 1163 4308 ecclesia

176 4346 243 4396 beati
258 4346 325 4397 Petri
345 4347 446 4396 Romae
464 4357 544 4412 caput
563 4347 630 4397 foret
648 4348 768 4397 omnium
788 4347 957 4396 ecclesiarum
977 4346 1002 4394 iu
1021 4345 1093 4395 orbe.
