3008 5026
646 411 817 461 tonsurus
835 410 975 462 wvctu
1162 392 1248 473 [cnr.
1266 406 1316 450 ru.

324 568 412 633 Ideo
445 570 639 633 secundum
663 568 923 632 Bernhardum:
947 567 1043 632 Nihil
1060 568 1224 632 intoxicat
1242 571 1317 632 ani·

324 693 422 737 mum
442 693 535 756 pape
554 675 764 755 plusquam
787 673 993 737 dominandi
1014 673 1127 737 libido.

157 791 272 853 illuct,
368 778 504 860 Quarta
534 779 631 861 quod
662 799 761 861 papa
792 778 838 841 sit
870 778 944 840 dux
975 778 1128 860 loquens
1157 778 1315 860 grandia,

120 844 299 1002 affligi?
322 883 583 965 magnificando
600 902 697 946 suam
713 881 921 965 potenciam
934 890 971 944 et
986 881 1120 945 faciens
1135 880 1314 945 modicum

293 978 298 990 ’
322 987 358 1051 in
375 987 515 1052 effectu.
534 987 592 1050 Ex
606 987 688 1051 hinc
704 987 825 1071 itaque
841 988 951 1051 docet
966 990 1093 1050 beatus
1105 984 1337 1069 Gregorius,s

323 1101 362 1155 ut
377 1099 477 1175 patet
492 1091 619 1156 XCIX
636 1090 884 1155 distinccione:
912 1090 1010 1172 Quod
1023 1110 1119 1172 papa
1137 1109 1205 1154 non
1222 1091 1313 1154 debet

321 1199 441 1260 vocari
463 1198 671 1260 universatis
693 1199 881 1278 episcopus
920 1195 999 1258 Hec
1028 1195 1120 1258 enim
1148 1202 1206 1257 est
1230 1213 1312 1257 con·

322 1301 415 1364 dicio
439 1300 659 1378 Antichristi,
692 1320 770 1363 cum
800 1299 962 1363 Christus
994 1298 1092 1381 cepit
1122 1298 1244 1362 facere
1276 1307 1314 1361 et

323 1405 464 1480 docere,
498 1407 617 1468 celans
644 1423 742 1467 suam
770 1403 982 1487 potenciam,
1009 1402 1076 1466 nisi
1105 1403 1150 1465 de
1177 1413 1311 1485 quanto

323 1519 379 1573 est
405 1509 641 1573 necessarium
672 1508 785 1591 ipsam
817 1510 992 1589 detegere
1024 1515 1062 1571 et
1093 1507 1241 1569 credere
1270 1507 1352 1573 adro

323 1615 481 1678 salutem.
499 1615 656 1677 Mendax
666 1623 782 1677 autem
799 1612 990 1696 potestatis
1001 1611 1162 1675 ostensio
1177 1611 1313 1674 inducit

322 1717 506 1800 perfidiam
528 1716 749 1782 Antichristi.

119 1845 139 1885 s·
154 1832 301 1887 ancourage-
367 1821 498 1902 Quinta
509 1823 603 1905 quod
618 1842 723 1904 papa,
740 1821 882 1885 dimissa
898 1830 973 1884 arte
988 1818 1154 1903 paciendi
1168 1819 1313 1883 iniurias

126 1890 299 1991 2{2{,{?,yw,‘¹,¹¹
325 1938 361 1990 et
387 1928 482 1990 facta
510 1926 716 2009 evangelica
737 1926 740 2009 l
761 1925 952 1989 inducendi
979 1924 1140 1988 timorem
1173 1923 1312 1987 filialem
1339 1941 1392 2006 257⁸

117 1987 305 2096 ‘iipirioii'eifs
324 2031 504 2110 subiectis,
527 2030 697 2093 innitatur
713 2029 903 2092 crudeliter
919 2028 1051 2112 pugnis
1067 2028 1313 2110 corporalibus
1327 2046 1353 2098 15

324 2145 362 2199 et
384 2134 550 2198 vindictis
577 2155 649 2197 non
678 2135 792 2197 solum
819 2133 855 2196 in
883 2152 990 2196 causa
1013 2131 1145 2196 Christi
1171 2133 1216 2195 ad
1239 2131 1313 2194 vin·

324 2241 508 2303 dicandum
541 2259 622 2303 suas
654 2238 808 2315 iniurias,
841 2239 907 2301 sed
938 2237 1111 2321 precipue
1143 2235 1180 2300 in
1208 2256 1315 2300 causa

323 2344 469 2427 propria
489 2345 535 2407 ad
557 2343 851 2425 magnificandum
874 2362 955 2405 suas
978 2341 1176 2425 potencias,
1205 2349 1244 2404 et
1269 2342 1315 2404 ad

322 2451 390 2512 hoc
415 2450 548 2531 allegat
571 2445 768 2530 Gregorius
792 2446 827 2510 II
844 2446 971 2510 Pastor
999 2446 1060 2510 ubi
1088 2465 1203 2528 supra,
1227 2446 1313 2508 illud

321 2553 449 2616 Matth.
481 2551 624 2628 XXIV,
657 2556 712 2631 48:
754 2551 852 2633 Quod
881 2553 913 2614 si
944 2553 1067 2614 dixerit
1104 2553 1220 2614 matus
1259 2553 1357 2618 illem

320 2676 439 2721 seruus
461 2659 497 2720 iu
520 2658 621 2720 eorde
643 2675 720 2720 suo:
746 2656 888 2720 Moram
906 2655 999 2736 facit
1023 2654 1195 2719 Dominus
1216 2674 1316 2718 meus

321 2764 446 2840 venire,
462 2767 491 2824 et
506 2763 631 2843 ceperit
642 2766 821 2843 percutere
836 2779 1013 2824 conservos
1028 2779 1118 2835 suos,
1141 2759 1316 2824 Dominus

321 2886 406 2930 suus
446 2868 621 2948 inopinate
652 2868 758 2930 veniet
791 2871 820 2928 et
846 2871 947 2946 ponet
969 2871 1108 2947 partem
1138 2866 1212 2928 eius
1235 2884 1314 2928 cnm

313 2970 491 3051 ypocritis.
529 2970 624 3032 Inter
642 2970 833 3051 ypocritas,
862 2968 986 3051 inquit,
1013 2970 1091 3031 iure
1117 2970 1315 3050 deputatur,

322 3075 381 3154 qni
396 3092 434 3137 en
447 3075 672 3138 simulacione
687 3075 867 3154 discipline
882 3073 1115 3137 ministerium
1131 3073 1356 3153 regiminisas

322 3179 421 3241 uertit
436 3180 473 3241 in
490 3196 591 3241 usum
608 3175 868 3241 dominacionis.
885 3175 1087 3239 Deficiente
1103 3175 1197 3238 enim
1214 3175 1314 3258 spiri-

323 3282 410 3346 tuali
433 3292 604 3346 armatura
632 3292 668 3345 et
694 3282 896 3364 specialiter
922 3280 1042 3364 gladio
1070 3281 1227 3363 spiritus,
1255 3300 1315 3343 ne·

325 3407 427 3450 cesse
455 3398 510 3451 est
538 3388 635 3469 quod
663 3407 756 3469 papa
785 3406 950 3450 cesareus
977 3384 1146 3449 innitatur
1167 3384 1314 3468 refrige

324 3492 507 3557 scentibus
539 3491 643 3555 armis
675 3492 835 3555 timorem
869 3490 1035 3554 servilem
1062 3489 1315 3554 inducentibus

324 3606 538 3680 prepostere
562 3605 685 3659 contra
709 3595 895 3660 Christum.
1327 3613 1359 3665 30

107 3707 312 3805 {lffianufflogffigd
369 3700 481 3766 Sexta
504 3702 601 3783 quod
625 3719 718 3782 papa
741 3708 892 3783 appetat
917 3697 1088 3762 dominari
1107 3699 1238 3761 nedum
1255 3718 1315 3781 pe·

325 3806 428 3869 cunia
448 3815 485 3867 et
504 3804 637 3888 prediis
661 3805 725 3867 sed
742 3804 814 3866 suis
830 3803 1007 3874 fratribus,
1031 3823 1102 3866 non
1118 3804 1316 3866 secundum

323 3909 512 3988 racionem,
540 3929 610 3991 qua
637 3909 831 3972 similantur
858 3907 984 3972 bestiis
1007 3911 1051 3971 ad
1073 3907 1317 3973 brutalitatem

377 4134 398 4179 3.
415 4133 503 4177 Codri:
518 4132 555 4176 IV.
612 4131 645 4176 13.
660 4132 735 4176 Codd.
756 4135 780 4175 in
800 4144 887 4187 marga
900 4133 925 4176 5.

381 4277 401 4314 1.
425 4265 461 4314 St.
485 4261 610 4311 Bernerdi
642 4260 679 4310 De
707 4259 930 4309 Considerecione
954 4259 995 4322 111,
1022 4275 1043 4309 1.
1130 4257 1156 4311 6.
1179 4258 1246 4325 Cap.
1275 4260 1317 4313 lll.

324 4349 433 4402 Primae
452 4342 542 4404 Sedis*
