3008 5026
498 400 541 449 DF,
560 399 771 450 POTESTATE
791 400 889 450 ΡΑΡΕ.

196 556 289 618 illam
314 555 548 618 universalem
572 566 788 638 potestatem
812 566 849 619 et
870 556 1058 620 obiciendo
1076 556 1184 639 tripli·

198 661 287 724 citer
311 682 358 724 ex
381 661 525 725 domino
549 663 771 725 Ardmacano
796 659 970 743 dissolvit,
1004 662 1185 725 declarans

197 766 294 847 quod
316 765 449 828 Paulus
481 786 552 828 non
583 766 706 829 habuit
734 786 753 829 a
775 766 885 830 Petro
915 766 979 829 sed
1003 785 1022 828 a
1045 763 1184 829 Christo

197 870 380 934 licenciam
411 870 628 952 predicandi,
671 880 708 934 et
741 869 921 934 concludit
955 870 1062 952 quod,
1095 869 1186 932 sicut

174 989 184 1039 5
198 974 354 1056 apostoli
371 983 472 1038 erant
487 974 573 1038 socii
589 984 625 1037 et
641 974 751 1052 amici,
775 974 827 1039 sic
844 975 954 1039 debet
974 994 1054 1038 esse
1069 972 1185 1047 hodie,

198 1098 276 1141 cum
301 1078 432 1143 ditacio
456 1099 527 1143 non
553 1078 768 1143 dissolveret
796 1077 996 1154 amiciciam,
1022 1079 1185 1160 eoquod

199 1182 357 1247 Christus
381 1203 453 1247 non
477 1184 655 1248 inveniret
678 1183 809 1248 amicos
832 1183 924 1247 inter
947 1192 1091 1247 nostros
1115 1183 1186 1264 epi·

198 1306 330 1370 scopos
363 1289 611 1352 conversando
645 1297 682 1351 et
716 1289 872 1353 declarat
900 1288 935 1350 in
964 1288 1079 1351 tribus
1103 1306 1185 1350 con·

199 1392 417 1456 clusionibus
439 1393 594 1476 pastoris
618 1392 782 1457 officium.

158 1529 186 1561 ιο
242 1496 442 1581 Capitulum
466 1506 608 1561 sextum
633 1496 816 1562 connectit
839 1517 917 1561 cum
938 1495 1186 1561 declaracione

198 1601 383 1684 septimam
411 1601 626 1665 sentenciam
656 1610 692 1664 et
715 1611 886 1679 octavam,
915 1621 1061 1685 quarum
1088 1600 1188 1685 prior

198 1707 282 1770 dicit
305 1706 371 1770 sic:
399 1704 506 1788 Quod
533 1705 627 1769 sicut
653 1707 769 1769 nullus
793 1708 1036 1789 apostolorum
1063 1703 1187 1768 habuit

197 1821 326 1873 tantam
351 1820 566 1893 potestatem
596 1820 760 1893 quantam
787 1810 910 1874 habuit
943 1809 1103 1874 Christus
1125 1810 1185 1873 hu·

196 1915 357 1996 manitus
384 1916 435 1979 sic
463 1936 530 1978 nec
559 1915 673 1978 omnis
701 1936 795 1998 papa
821 1915 945 1980 habuit
968 1923 1100 1979 tantam
1123 1933 1185 1997 po·

157 2029 361 2086 istestatem
386 2030 549 2104 quantam
573 2021 696 2084 habuit
728 2022 855 2084 beatus
870 2020 1000 2084 Petrus
1016 2020 1075 2084 vel
1096 2018 1186 2082 alius

198 2124 328 2189 Christi
351 2127 543 2207 apostolus,
573 2134 608 2188 et
632 2127 843 2189 declarando
868 2133 1056 2206 utrumque
1082 2143 1186 2186 mem·

195 2233 297 2294 brum
325 2231 507 2309 tripliciter
534 2229 645 2294 obicit
673 2240 710 2295 et
737 2230 911 2296 dissolvit.
950 2228 1086 2294 Octava
1109 2247 1187 2292 sen·

196 2335 311 2398 tencia
335 2335 420 2399 dicit
443 2337 539 2419 quod
554 2334 721 2398 Romano
744 2335 915 2420 pontifice
939 2336 997 2399 vel
1020 2352 1187 2416 quocum-

197 2460 265 2523 que
304 2440 369 2503 alio
405 2440 566 2522 fingente
603 2459 643 2502 se
675 2459 802 2522 gerere
837 2439 1025 2523 primatum
1057 2435 1188 2501 vicarie

155 2570 187 2605 πο
197 2544 387 2627 potestatis
412 2543 542 2608 Christi
569 2544 604 2607 in
632 2544 736 2608 terris
760 2549 804 2609 ab
828 2544 905 2607 eius
935 2541 1059 2607 semita
1083 2540 1187 2605 decli·

197 2658 303 2712 nante
321 2650 514 2712 secundum
531 2669 674 2713 sensum
692 2649 868 2732 scripture
890 2649 1008 2712 nullus
1024 2645 1165 2729 plenius
1182 2645 1187 2730 1

106 2762 168 2816 2⁴33d
197 2753 255 2815 vel
279 2752 515 2834 periculosius
532 2753 626 2836 gerit
649 2773 777 2817 nomen
802 2762 840 2816 et
855 2772 947 2835 opus
962 2750 1188 2831 Antichristi;

197 2858 293 2939 quod
304 2858 434 2939 probat
451 2876 498 2918 ex
515 2856 785 2920 condicionibus
804 2856 979 2937 undecim,
996 2866 1188 2920 annectens

196 2961 379 3023 materiam
389 2961 434 3022 de
445 2960 619 3044 quiditate
636 2970 673 3024 et
688 2961 863 3026 divisione
874 2970 996 3042 status,
1008 2961 1188 3044 quomodo

154 3078 184 3127 25
198 3066 422 3148 componitur
454 3086 501 3128 ex
532 3086 604 3130 non
637 3066 777 3149 quantis
811 3076 857 3144 et,
890 3067 1072 3130 declarans
1105 3084 1188 3149 quo·

196 3172 303 3234 modo
320 3179 433 3233 status
451 3180 574 3254 potest
600 3171 749 3248 alterari,
773 3171 888 3255 tangit
909 3172 1089 3254 quomodo
1107 3171 1186 3232 sub·

197 3274 291 3338 ditus
315 3285 438 3357 potest
460 3278 634 3358 prelatum
659 3277 841 3360 corripere
866 3285 903 3340 et
926 3274 1100 3340 dissolvit.

242 3377 441 3460 Capitulum
465 3379 655 3462 septimum
679 3380 843 3443 discurrit
866 3400 932 3464 per
954 3380 1011 3443 illa
1035 3387 1118 3442 octo
1138 3398 1187 3440 ar·

197 3492 374 3564 gumenta‚
422 3483 551 3566 quibus
589 3487 761 3567 probatur
797 3505 843 3547 ex
881 3484 1056 3567 scriptura
1094 3482 1188 3564 quod

153 3599 186 3648 30
196 3584 326 3648 Petrus
350 3587 460 3650 debet
488 3589 620 3652 habere
644 3588 834 3673 primatum
862 3608 972 3671 super
995 3586 1083 3651 alios
1107 3606 1187 3669 apo·

198 3691 312 3754 stolos
341 3699 378 3753 et
405 3712 471 3774 per
500 3712 726 3776 consequens
749 3712 844 3776 papa
866 3712 976 3776 super
1005 3692 1092 3755 alios
1116 3690 1188 3773 epi·

197 3814 347 3877 scop0s;
371 3796 486 3877 primo
509 3797 619 3878 igitur
635 3798 794 3860 declarat
817 3797 914 3879 quod
930 3796 1102 3878 primatus
1117 3795 1187 3858 iste

197 3919 268 3962 non
292 3898 399 3963 infert
423 3900 704 3965 dominacionem
727 3903 787 3964 vel
810 3899 1105 3983 preeminenciam
1135 3918 1187 3962 se·

198 4005 361 4081 culmem,
381 4006 480 4087 quod
496 4008 627 4088 probat
643 4026 690 4068 ex
705 4005 835 4089 triplici
856 4003 1059 4068 testimonio
1076 4005 1187 4067 Bern-

155 4107 306 4189 35hardi,
324 4109 519 4192 Augustini
535 4119 572 4174 et
587 4108 820 4194 Crysostomi.
844 4106 1013 4172 Secundo
1034 4108 1189 4171 declarat

252 4343 287 4388 27.
305 4331 333 4375 B:
351 4332 455 4375 derrom'l.

249 4426 280 4464 De
293 4427 406 4465 Potestne
418 4426 482 4470 Pane.
1052 4418 1083 4469 26
