3008 5026
177 399 238 460 234
722 396 891 447 tonsurus
911 395 1050 445 wrcmr
1254 376 1337 456 [cxv.
1354 389 1382 433 x.

191 567 267 627 luni,
275 565 364 610 Roman
393 551 550 616 Romani
565 552 753 636 pontifices
770 553 839 615 sint
855 551 1117 635 preeminenter
1135 549 1228 626 boni,
1246 551 1291 613 de
1308 550 1383 632 qui·
1414 561 1471 626 κιρ·

194 617 373 727 slllllllliy‘.
393 658 461 720 bus
485 656 729 739 intelliguntur
751 657 853 738 leges
879 665 915 718 et
939 655 1032 717 dicta
1055 655 1252 730 doctorum,
1281 654 1383 717 multi

394 770 511 824 tamen
526 759 640 842 ignari
655 761 727 823 vite
745 759 943 842 apostolice
959 759 1169 822 mundanum
1189 757 1382 821 dominium

395 864 582 943 siciebant;
600 866 668 927 hoc
679 874 795 928 autem
810 873 847 927 et
858 884 1069 927 consensum
1086 863 1161 926 eius
1179 883 1218 926 ac
1234 862 1382 926 aliorum

395 989 554 1033 errorum
571 970 744 1032 debemus
767 970 893 1052 fugere
918 978 956 1032 ut
972 989 1159 1042 venenum,
1184 978 1220 1031 et
1244 966 1408 1050 specia-5

393 1073 474 1137 liter
490 1093 646 1137 errorem
663 1076 707 1137 de
722 1073 955 1157 indulgenciis
973 1083 1009 1137 et
1025 1074 1070 1135 de
1092 1073 1176 1135 ficta
1198 1081 1381 1154 potestate

393 1178 630 1242 iurisdicionis
654 1178 730 1241 sive
754 1177 933 1260 regiminis
957 1197 1060 1260 quam
1085 1177 1208 1239 dicunt
1232 1197 1280 1238 ex
1301 1196 1380 1239 auc·

394 1282 537 1345 toritate
574 1281 798 1365 imperatoris
841 1301 880 1344 se
924 1283 1120 1344 extendere
1164 1301 1231 1363 per
1271 1289 1382 1343 totam

393 1385 619 1449 habitabilem
636 1396 793 1450 nostram
809 1384 1034 1469 singulariter
1050 1385 1170 1468 quoad
1179 1383 1381 1447 Romanum

394 1491 612 1573 pontificem.
1397 1517 1426 1551 ιο

207 1591 284 1636 ”¹⁰⁵⁰
298 1591 354 1633 ‘²¹⁵⁰
438 1596 484 1658 Et
501 1615 547 1658 ex
562 1596 630 1658 ista
645 1595 764 1657 radice
779 1596 919 1678 lingunt
935 1597 1033 1676 quod
1050 1596 1147 1657 solus
1164 1594 1243 1677 ipse
1260 1602 1383 1676 potest

184 1646 266 1689 clrims
280 1653 350 1686 cause
365 1654 377 1684 n

239 1696 329 1740 ¹⁰⁸⁵⁰f
394 1698 581 1762 indiffinite
615 1700 814 1762 concedere
847 1698 1107 1780 indulgenciam
1136 1708 1172 1761 et
1196 1698 1261 1761 alia
1284 1698 1383 1782 spiri-

202 1753 358 1802 rurrsercnon.
395 1804 500 1867 tualia
523 1805 616 1866 dona
638 1804 717 1868 Dei.
754 1803 801 1865 Et
825 1824 924 1866 error
946 1803 1156 1871 huiusmodi.
1183 1812 1222 1866 ut
1245 1803 1383 1877 estimo,

396 1916 452 1971 est
475 1928 588 1984 causa,
613 1928 722 1990 quare
744 1927 812 1971 nec
836 1906 1030 1990 imperator
1052 1927 1119 1970 nec
1143 1928 1236 1990 papa
1252 1907 1384 1970 sufficit

396 2032 569 2075 exercere
593 2011 627 2074 in
651 2011 775 2080 Yndia.
799 2012 834 2073 in
860 2012 996 2086 Goecia,
1020 2013 1079 2075 vel
1100 2011 1225 2074 Yudea
1248 2020 1285 2075 et
1308 2011 1384 2074 aliis
1399 2024 1427 2073 15

395 2116 528 2199 patriis
553 2115 850 2178 dissencientibus
875 2114 1085 2197 quibusdam
1107 2116 1179 2178 suis
1203 2116 1383 2178 erroribus

397 2231 434 2285 et
472 2221 681 2304 quibusdam
719 2220 928 2284 Antichristi
955 2220 1108 2303 legibus,
1146 2219 1385 2283 iurisdicionis

399 2324 563 2390 officium.
586 2324 694 2387 Error
717 2324 809 2387 enim
829 2325 989 2387 modicus
1006 2325 1041 2387 in
1058 2324 1233 2407 principio
1251 2324 1387 2387 inducit

398 2429 585 2492 maximum
610 2438 880 2510 consequenter.
907 2427 945 2493 Si
960 2427 1070 2511 igitur
1089 2430 1184 2492 solus
1199 2428 1386 2492 Romanus

398 2532 565 2616 pontifex
591 2533 701 2595 habet
727 2532 990 2595 iurisdicionem
1014 2533 1249 2595 universalem
1277 2552 1432 2615 superno

399 2636 535 2711 YndoS,
552 2635 749 2701 Saracenos
766 2647 802 2700 et
817 2636 1005 2706 Barbaros,
1027 2657 1135 2718 quare
1151 2658 1223 2699 non
1239 2646 1388 2700 exercet

400 2761 476 2804 eam
508 2741 543 2803 in
575 2760 649 2817 eos,
682 2742 774 2805 sicut
797 2741 951 2824 apostoli
975 2741 1139 2804 fecerunt
1164 2741 1200 2803 in
1223 2741 1386 2804 infideles

398 2847 555 2928 populos
593 2857 630 2908 et
666 2847 841 2908 rebelles?
887 2843 927 2910 Si
964 2854 1099 2908 tantum
1141 2846 1250 2908 habet
1287 2845 1387 2908 iuris·

399 2951 595 3013 diceionem
612 2970 720 3034 super
744 2970 807 3014 eos
831 2949 891 3032 qui
915 2952 1041 3014 volunt
1064 2951 1212 3013 obedire
1236 2969 1301 3012 suo
1326 2950 1386 3012 do·

399 3055 516 3132 minio,
554 3064 638 3118 tunc
676 3064 732 3119 est
768 3055 907 3138 papalis
945 3055 1146 3119 iurisdiccio
1183 3054 1433 3118 mirabiliter25

400 3158 568 3223 diminuta
592 3169 629 3222 et
653 3161 862 3243 dependens
887 3180 905 3222 a
928 3160 1111 3223 voluntate
1131 3159 1256 3242 populi
1272 3161 1316 3221 ab
1334 3157 1388 3221 eis

401 3264 547 3346 capitur.
587 3264 650 3327 Illa
682 3276 799 3328 autem
832 3274 888 3327 est
921 3265 1063 3328 alterius
1098 3264 1249 3329 racionis
1282 3283 1388 3346 quam

399 3378 562 3451 potestas
594 3369 776 3453 regiminis
812 3369 1008 3451 apostolica
1057 3390 1160 3452 quam
1197 3369 1389 3451 imperator

398 3492 470 3536 non
493 3482 617 3556 potest
648 3475 857 3538 concedere.
890 3475 954 3537 sed
987 3473 1102 3536 divisa
1125 3494 1191 3557 per
1214 3473 1315 3535 istam
1339 3473 1388 3535 di·

400 3577 573 3641 visionem
604 3578 806 3661 bipapalem
840 3577 1035 3641 variaretur
1067 3587 1106 3640 ut
1137 3579 1293 3660 populus
1321 3576 1436 3640 sibi30

401 3682 642 3759 consenciens,
676 3684 733 3744 vel
767 3681 1021 3745 diminueretur
1053 3681 1204 3744 finaliter
1241 3682 1284 3743 ad
1316 3700 1390 3743 non

401 3796 584 3871 quantum3
624 3788 721 3870 quod
759 3786 927 3869 superbia
958 3807 1029 3849 non
1062 3786 1145 3850 sinit
1177 3786 1390 3860 concedere,

400 3893 481 3955 ideo
499 3890 585 3954 dicit
601 3892 699 3974 quod
713 3891 822 3955 habet
836 3899 1053 3974 potestatem
1069 3889 1250 3974 regiminis
1262 3888 1266 3973 l
1279 3909 1393 3972 super
1421 3899 1487 3965 υς·

401 4004 516 4060 totum
543 3996 719 4059 mundum.
753 3994 846 4058 Ymo
871 4015 949 4059 cum
974 3996 1031 4058 illa
1054 4004 1215 4078 potestas
1239 3993 1285 4057 sit
1308 3997 1391 4057 sub·

405 4326 408 4335 ¹
456 4282 471 4314 ι.
488 4272 549 4322 sinu
562 4276 635 4314 recte:
642 4268 745 4327 suerint.
799 4284 821 4323 4.
837 4270 1070 4314 Codd.:conrenrur'.
1128 4269 1247 4315 rr.Codd.
1264 4271 1287 4314 in
1303 4282 1392 4326 marga:

401 4336 542 4384 Jurudiccr'o
553 4352 624 4396 pepo.
679 4339 712 4384 3¹.
729 4340 771 4383 vel.
787 4338 876 4383 Cede:
891 4345 922 4383 ut.
