3008 5026
147 427 167 485 4
688 417 858 468 Journrus
879 416 1017 466 wrcme
1235 394 1317 483 [cnr.
1331 410 1350 454 1.

144 591 197 637 rie
215 590 355 653 inalienare
363 573 484 638 rabilis
508 593 528 636 a
551 581 711 637 creatura
732 572 900 636 racionali
924 572 1087 636 servandi
1102 571 1351 636 rectitudinem

147 655 229 791 ligii
238 643 355 741 fiscilini
364 687 514 742 vocatur
529 697 548 740 a
562 677 759 740 venerabili
770 677 976 760 Anshelmo‚
992 678 1138 740 liberum
1155 678 1352 753 arbitrium,

207 748 320 844 winiterii
364 791 404 847 ut
431 791 533 866 patet
555 782 591 846 in
613 783 734 846 libello
760 801 825 845 suo
849 781 907 844 De
928 781 1060 846 Libero
1084 781 1254 844 Arbitrio
1291 781 1350 844 Li-

364 889 493 969 berum,
529 886 652 969 inquit,
691 888 878 951 arbitrium
915 891 965 950 est
997 892 1149 968 potestas
1188 886 1353 949 servandi

362 993 599 1056 rectitudinem
615 993 800 1055 voluntatis
809 996 954 1073 propter
967 993 1082 1073 ipsam
1098 991 1335 1054 rectitudinem
1341 1004 1377 1064 ,·5

362 1098 453 1161 tales
486 1105 602 1160 autem
636 1093 826 1179 potenciae
862 1095 1026 1178 impediri
1058 1103 1251 1179 potuerunt
1287 1092 1353 1156 sed

362 1221 436 1265 non
459 1201 631 1286 extingui.
653 1201 906 1267 Verumtamen
925 1210 1087 1285 potestas
1103 1203 1162 1264 vel
1184 1200 1353 1285 potencia

364 1306 512 1370 sumitur
550 1309 765 1389 quandoque
806 1327 874 1390 pro
913 1305 1131 1370 sufficiencia
1172 1304 1351 1369 meritorie

365 1410 548 1494 operandi,
571 1412 631 1474 vel
653 1411 882 1475 incitantibus
905 1410 1105 1482 resistendi,
1131 1419 1168 1474 et
1190 1410 1270 1473 talis
1286 1429 1353 1492 per

365 1524 552 1598 peccatum
575 1525 699 1598 potest
721 1516 865 1580 diminui
888 1526 995 1599 atque
1018 1516 1103 1580 tolli.
1368 1542 1397 1574 ιο

154 1637 349 1732 gironem}
410 1619 546 1701 Quarto
579 1640 667 1684 vero
700 1622 807 1685 modo
841 1621 969 1705 accipit
1001 1622 1215 1685 Aristoteles
1247 1627 1351 1703 pote-

159 1700 346 1836 acci'ieiilqii‘ip
367 1731 494 1788 statem
511 1723 587 1788 sive
602 1726 801 1807 potenciam
818 1746 886 1810 pro
901 1725 1027 1789 habitu
1041 1725 1245 1788 accidenter
1260 1722 1353 1806 aqui-

150 1793 266 1838 m⁸d¹⁰¹⁰⁸
294 1792 445 1908 ⁸¹¹¹¹‘sito,
477 1830 674 1892 secundum
698 1832 797 1912 quod
824 1831 899 1893 eius
922 1831 1121 1893 subiectum
1144 1837 1274 1912 potens
1298 1836 1354 1890 est

366 1933 512 1997 alterius
527 1942 709 2013 mutatum,
720 1944 759 1998 ut
773 1954 829 1998 ars
844 1935 1061 1999 medicinalis
1071 1936 1129 1998 vel
1140 1934 1199 1997 alii
1212 1933 1354 1996 habitus

367 2037 547 2120 operandi.
564 2038 641 2100 Nec
657 2038 765 2102 distat
780 2041 925 2102 multum
942 2038 1164 2102 sufficiencia
1177 2037 1244 2100 iam
1261 2037 1356 2101 dicta
1369 2046 1397 2096 15

366 2143 410 2204 ab
443 2139 511 2205 ista
543 2142 719 2225 potencia.
758 2140 960 2207 Secundum
997 2144 1067 2206 hoc
1104 2142 1225 2224 itaque
1260 2140 1355 2204 inest

365 2244 498 2308 homini
514 2246 651 2328 duplex
666 2247 841 2310 maneries
857 2246 1058 2330 potestatis,
1079 2246 1216 2309 scilicet
1234 2265 1354 2328 super·

187 2367 207 2412 lt
221 2379 275 2423 may
290 2366 317 2410 be
366 2349 534 2413 naturalis
562 2358 599 2413 et
622 2350 746 2414 civilis.
785 2350 1069 2434 supernaturalis
1098 2359 1154 2414 est
1181 2358 1353 2433 potestas,

168 2419 338 2476 supernataret,

154 2472 262 2569 miffl
264 2472 312 2568 [133
327 2523 354 2568 of
368 2473 471 2536 quam
489 2453 588 2517 Deus
610 2457 670 2519 dat
691 2456 823 2519 homini
847 2458 890 2519 ad
914 2454 1143 2539 spiritualiter
1165 2454 1353 2539 proficien-

152 2580 189 2621 ne
205 2583 357 2639 aeramenta,
368 2559 450 2621 dum
474 2558 635 2639 ecclesie,
660 2560 855 2624 cuiusmodi
876 2568 933 2624 est
947 2569 1107 2643 potestas
1124 2559 1353 2624 sacerdotalis
1365 2582 1399 2617 20

195 2629 310 2742 iiiiii
367 2661 403 2725 in
442 2663 663 2727 conficiendo
694 2668 753 2728 vel
775 2665 1004 2730 ministrando
1043 2674 1267 2728 sacramenta
1296 2673 1356 2728 aut

173 2733 287 2830 iiiiii&
298 2745 338 2829 {ii
369 2767 433 2830 alia
469 2766 663 2850 spiritualia
699 2771 794 2832 bona
832 2770 994 2834 ecclesie.
1031 2769 1201 2833 Potestas
1239 2778 1355 2833 autem

204 2836 306 2883 chum
371 2872 483 2935 civilis
517 2880 572 2936 est
603 2882 764 2955 potestas
789 2875 1002 2938 dominativa
1025 2875 1070 2937 ad
1094 2876 1356 2937 cohercendum

367 2978 524 3041 rebelles
549 2977 702 3040 ecclesie
726 2980 921 3042 secundum
943 2999 1071 3061 penam
1092 2978 1297 3042 sensibilem
1320 2988 1358 3043 et

369 3081 454 3145 dicit
469 3082 671 3145 libertatem
683 3081 687 3167 l
698 3082 734 3145 in
750 3092 937 3165 potentatu
954 3093 991 3146 et
1014 3084 1224 3148 subdicione
1243 3085 1278 3146 in
1295 3105 1356 3147 ex·
1389 3087 1447 3141 10²⁸

368 3185 523 3249 trinseco
540 3187 763 3252 terminante.
778 3188 825 3252 Et
840 3190 912 3252 isto
922 3191 1028 3253 modo
1040 3189 1182 3251 videtur
1193 3188 1357 3254 Salvator

369 3290 489 3353 dicere
521 3289 629 3355 Math.
651 3291 737 3370 XX
763 3312 817 3372 25:
849 3293 1030 3375 Principes
1058 3296 1217 3375 gencium
1249 3296 1356 3358 domi·

368 3400 498 3457 nantnr
530 3413 667 3471 eornm;
703 3401 734 3459 et
764 3399 823 3478 qni
860 3400 1012 3462 maiores
1049 3403 1128 3461 sunt
1156 3404 1356 3478 potestatem

369 3505 519 3562 exercent
551 3501 586 3563 in
619 3520 682 3564 eos.
720 3501 767 3563 Et
792 3502 947 3581 Jeremie
978 3501 1162 3585 XXXIV,
1195 3526 1213 3585 9
1246 3503 1358 3567 refert

369 3601 550 3684 Propheta
573 3605 752 3686 quomodo
778 3605 883 3670 Jndei
909 3609 1115 3671 dimiserant
1136 3628 1252 3671 servos
1277 3628 1401 3682 snos30

370 3712 399 3769 et
422 3708 580 3788 ancillas,
604 3715 641 3772 ut
664 3716 770 3773 essent
793 3712 892 3775 liberi
913 3731 973 3776 sne
991 3712 1184 3794 potestatis;
1216 3714 1356 3794 quando

422 3961 445 4016 3,
459 3977 482 4017 4.
497 3965 538 4008 ΑΒ
553 3966 575 4009 ln
592 3978 679 4023 τηεψ
699 3968 797 4014 liberum
813 3970 937 4014 arbitrium
954 3970 1011 4025 quid
1029 3974 1071 4013 est.
1128 3971 1161 4014 18.
1176 3972 1216 4014 ΑΒ
1231 3971 1254 4014 in
1270 3983 1357 4027 marga

370 4032 476 4077 Potestas
490 4035 685 4090 supernaturalis.
753 4051 788 4082 21.
804 4038 896 4083 codd:
912 4040 950 4082 vet
963 4047 993 4081 ut.
1049 4052 1086 4082 22.
1098 4039 1138 4082 All
1150 4041 1172 4083 in
1184 4053 1272 4095 marga
1290 4041 1357 4085 Pote-

369 4108 419 4146 stas
433 4104 515 4147 civilis.
567 4105 605 4149 25.
616 4106 703 4151 codd:
720 4109 886 4152 subditionem.

424 4248 446 4299 3.
466 4249 501 4302 St.
526 4250 644 4300 Anselmi
669 4251 795 4317 Dialogus
824 4253 856 4302 de
884 4253 966 4302 libero
993 4252 1098 4302 arbitrio
1127 4254 1196 4319 Opp.
1220 4256 1269 4320 (cd.
1298 4257 1357 4306 lut.

372 4336 428 4386 Par.
452 4338 569 4402 1721)p.
595 4339 649 4388 118.
