<?xml version="1.0" encoding="UTF-8"?>
<!DOCTYPE html PUBLIC "-//W3C//DTD XHTML 1.0 Transitional//EN"
    "http://www.w3.org/TR/xhtml1/DTD/xhtml1-transitional.dtd">
<html xmlns="http://www.w3.org/1999/xhtml" xml:lang="en" lang="en">
 <head>
  <title>
</title>
<meta http-equiv="Content-Type" content="text/html;charset=utf-8" />
  <meta name='ocr-system' content='tesseract 3.04.00' />
  <meta name='ocr-capabilities' content='ocr_page ocr_carea ocr_par ocr_line ocrx_word'/>
</head>
<body>
  <div class='ocr_page' id='page_1' title='image "./johanniswyclift00mattgoog_0078.png"; bbox 0 0 3008 5026; ppageno 0'>
   <div class='ocr_carea' id='block_1_1' title="bbox 154 380 845 470">
    <p class='ocr_par' dir='ltr' id='par_1_1' title="bbox 154 380 845 470">
     <span class='ocr_line' id='line_1_1' title="bbox 154 380 845 470; baseline 0.014 -30"><span class='ocrx_word' id='word_1_1' title='bbox 154 396 223 442; x_wconf 74' lang='lat' dir='ltr'>cm.</span> <span class='ocrx_word' id='word_1_2' title='bbox 238 380 270 470; x_wconf 75' lang='lat' dir='ltr'>n]</span> <span class='ocrx_word' id='word_1_3' title='bbox 451 401 496 452; x_wconf 76' lang='lat' dir='ltr'>ns</span> <span class='ocrx_word' id='word_1_4' title='bbox 516 400 727 453; x_wconf 63' lang='lat' dir='ltr'>porosum</span> <span class='ocrx_word' id='word_1_5' title='bbox 749 401 845 451; x_wconf 73' lang='lat' dir='ltr'>enea.</span> 
     </span>
    </p>
   </div>
   <div class='ocr_carea' id='block_1_2' title="bbox 64 556 1359 3721">
    <p class='ocr_par' dir='ltr' id='par_1_2' title="bbox 64 556 1359 3721">
     <span class='ocr_line' id='line_1_2' title="bbox 155 556 1143 640; baseline -0.001 -19"><span class='ocrx_word' id='word_1_6' title='bbox 155 558 295 622; x_wconf 82' lang='lat' dir='ltr'>casibus</span> <span class='ocrx_word' id='word_1_7' title='bbox 319 557 415 622; x_wconf 92' lang='lat' dir='ltr'>curie</span> <span class='ocrx_word' id='word_1_8' title='bbox 437 557 640 639; x_wconf 59' lang='lat' dir='ltr'>reservatis</span> <span class='ocrx_word' id='word_1_9' title='bbox 673 565 710 621; x_wconf 94' lang='lat' dir='ltr'>et</span> <span class='ocrx_word' id='word_1_10' title='bbox 731 577 830 639; x_wconf 92' lang='lat' dir='ltr'>pono</span> <span class='ocrx_word' id='word_1_11' title='bbox 859 557 956 640; x_wconf 91' lang='lat' dir='ltr'>quod</span> <span class='ocrx_word' id='word_1_12' title='bbox 980 556 1143 621; x_wconf 89' lang='lat' dir='ltr'>dominus</span> 
     </span>
     <span class='ocr_line' id='line_1_3' title="bbox 154 660 1142 746; baseline 0.001 -21"><span class='ocrx_word' id='word_1_13' title='bbox 154 682 247 746; x_wconf 91' lang='lat' dir='ltr'>papa</span> <span class='ocrx_word' id='word_1_14' title='bbox 259 671 341 726; x_wconf 90' lang='lat' dir='ltr'>ante</span> <span class='ocrx_word' id='word_1_15' title='bbox 352 663 543 726; x_wconf 87' lang='lat' dir='ltr'>adventum</span> <span class='ocrx_word' id='word_1_16' title='bbox 554 662 728 725; x_wconf 90' lang='lat' dir='ltr'>bullarum</span> <span class='ocrx_word' id='word_1_17' title='bbox 740 661 776 725; x_wconf 92' lang='lat' dir='ltr'>in</span> <span class='ocrx_word' id='word_1_18' title='bbox 787 660 953 745; x_wconf 82' lang='lat' dir='ltr'>Angliam</span> <span class='ocrx_word' id='word_1_19' title='bbox 965 661 1142 742; x_wconf 88' lang='lat' dir='ltr'>moriatur,</span> 
     </span>
     <span class='ocr_line' id='line_1_4' title="bbox 154 765 1144 850; baseline -0.001 -20"><span class='ocrx_word' id='word_1_20' title='bbox 154 777 239 830; x_wconf 90' lang='lat' dir='ltr'>tunc</span> <span class='ocrx_word' id='word_1_21' title='bbox 274 767 437 832; x_wconf 89' lang='lat' dir='ltr'>dominus</span> <span class='ocrx_word' id='word_1_22' title='bbox 468 787 563 849; x_wconf 87' lang='lat' dir='ltr'>papa</span> <span class='ocrx_word' id='word_1_23' title='bbox 594 786 661 830; x_wconf 89' lang='lat' dir='ltr'>nec</span> <span class='ocrx_word' id='word_1_24' title='bbox 692 787 760 850; x_wconf 89' lang='lat' dir='ltr'>pro</span> <span class='ocrx_word' id='word_1_25' title='bbox 790 765 936 831; x_wconf 87' lang='lat' dir='ltr'>instanti</span> <span class='ocrx_word' id='word_1_26' title='bbox 963 765 1144 850; x_wconf 86' lang='lat' dir='ltr'>propositi</span> 
     </span>
     <span class='ocr_line' id='line_1_5' title="bbox 155 871 1143 955; baseline -0.001 -20"><span class='ocrx_word' id='word_1_27' title='bbox 155 872 209 936; x_wconf 90' lang='lat' dir='ltr'>sui</span> <span class='ocrx_word' id='word_1_28' title='bbox 241 871 451 937; x_wconf 89' lang='lat' dir='ltr'>conferendi</span> <span class='ocrx_word' id='word_1_29' title='bbox 472 872 582 935; x_wconf 90' lang='lat' dir='ltr'>Petro</span> <span class='ocrx_word' id='word_1_30' title='bbox 614 879 832 955; x_wconf 86' lang='lat' dir='ltr'>potestatem</span> <span class='ocrx_word' id='word_1_31' title='bbox 857 871 1059 936; x_wconf 88' lang='lat' dir='ltr'>huiusmodi</span> <span class='ocrx_word' id='word_1_32' title='bbox 1083 871 1143 934; x_wconf 91' lang='lat' dir='ltr'>im·</span> 
     </span>
     <span class='ocr_line' id='line_1_6' title="bbox 129 975 1143 1060; baseline -0.003 -19"><span class='ocrx_word' id='word_1_33' title='bbox 129 975 273 1060; x_wconf 68' lang='lat' dir='ltr'>§primit</span> <span class='ocrx_word' id='word_1_34' title='bbox 287 976 324 1040; x_wconf 92' lang='lat' dir='ltr'>in</span> <span class='ocrx_word' id='word_1_35' title='bbox 339 977 452 1040; x_wconf 89' lang='lat' dir='ltr'>Petro</span> <span class='ocrx_word' id='word_1_36' title='bbox 469 976 588 1039; x_wconf 89' lang='lat' dir='ltr'>subito</span> <span class='ocrx_word' id='word_1_37' title='bbox 612 975 812 1039; x_wconf 91' lang='lat' dir='ltr'>huiusmodi</span> <span class='ocrx_word' id='word_1_38' title='bbox 835 985 1053 1060; x_wconf 86' lang='lat' dir='ltr'>potestatem</span> <span class='ocrx_word' id='word_1_39' title='bbox 1076 995 1143 1039; x_wconf 94' lang='lat' dir='ltr'>nec</span> 
     </span>
     <span class='ocr_line' id='line_1_7' title="bbox 154 1080 1144 1165; baseline -0.002 -20"><span class='ocrx_word' id='word_1_40' title='bbox 154 1102 220 1163; x_wconf 91' lang='lat' dir='ltr'>pro</span> <span class='ocrx_word' id='word_1_41' title='bbox 245 1081 362 1164; x_wconf 83' lang='lat' dir='ltr'>aliquo</span> <span class='ocrx_word' id='word_1_42' title='bbox 386 1081 579 1165; x_wconf 87' lang='lat' dir='ltr'>posteriori</span> <span class='ocrx_word' id='word_1_43' title='bbox 594 1080 780 1164; x_wconf 84' lang='lat' dir='ltr'>signando.</span> <span class='ocrx_word' id='word_1_44' title='bbox 802 1081 849 1144; x_wconf 91' lang='lat' dir='ltr'>Et</span> <span class='ocrx_word' id='word_1_45' title='bbox 863 1081 961 1144; x_wconf 90' lang='lat' dir='ltr'>idem</span> <span class='ocrx_word' id='word_1_46' title='bbox 976 1080 1144 1145; x_wconf 88' lang='lat' dir='ltr'>iudicium</span> 
     </span>
     <span class='ocr_line' id='line_1_8' title="bbox 155 1185 1142 1269; baseline 0 -21"><span class='ocrx_word' id='word_1_47' title='bbox 155 1186 199 1248; x_wconf 91' lang='lat' dir='ltr'>de</span> <span class='ocrx_word' id='word_1_48' title='bbox 222 1185 382 1269; x_wconf 90' lang='lat' dir='ltr'>qualibet</span> <span class='ocrx_word' id='word_1_49' title='bbox 398 1195 569 1266; x_wconf 80' lang='lat' dir='ltr'>creatura,</span> <span class='ocrx_word' id='word_1_50' title='bbox 595 1206 666 1269; x_wconf 90' lang='lat' dir='ltr'>que</span> <span class='ocrx_word' id='word_1_51' title='bbox 683 1187 783 1250; x_wconf 90' lang='lat' dir='ltr'>daret</span> <span class='ocrx_word' id='word_1_52' title='bbox 800 1186 901 1249; x_wconf 87' lang='lat' dir='ltr'>alteri</span> <span class='ocrx_word' id='word_1_53' title='bbox 915 1193 1142 1269; x_wconf 84' lang='lat' dir='ltr'>potestatem,</span> 
     </span>
     <span class='ocr_line' id='line_1_9' title="bbox 153 1290 1144 1375; baseline 0.001 -22"><span class='ocrx_word' id='word_1_54' title='bbox 153 1290 262 1374; x_wconf 87' lang='lat' dir='ltr'>igitur</span> <span class='ocrx_word' id='word_1_55' title='bbox 294 1311 366 1354; x_wconf 92' lang='lat' dir='ltr'>non</span> <span class='ocrx_word' id='word_1_56' title='bbox 400 1301 457 1355; x_wconf 90' lang='lat' dir='ltr'>est</span> <span class='ocrx_word' id='word_1_57' title='bbox 494 1292 610 1375; x_wconf 87' lang='lat' dir='ltr'>aliqua</span> <span class='ocrx_word' id='word_1_58' title='bbox 641 1300 805 1375; x_wconf 89' lang='lat' dir='ltr'>potestas</span> <span class='ocrx_word' id='word_1_59' title='bbox 836 1291 1038 1355; x_wconf 89' lang='lat' dir='ltr'>huiusmodi</span> <span class='ocrx_word' id='word_1_60' title='bbox 1075 1291 1144 1354; x_wconf 91' lang='lat' dir='ltr'>nisi</span> 
     </span>
     <span class='ocr_line' id='line_1_10' title="bbox 153 1395 1143 1480; baseline 0.002 -24"><span class='ocrx_word' id='word_1_61' title='bbox 153 1395 252 1474; x_wconf 80' lang='lat' dir='ltr'>ficta3</span> <span class='ocrx_word' id='word_1_62' title='bbox 277 1416 350 1459; x_wconf 92' lang='lat' dir='ltr'>non</span> <span class='ocrx_word' id='word_1_63' title='bbox 374 1395 467 1458; x_wconf 91' lang='lat' dir='ltr'>enim</span> <span class='ocrx_word' id='word_1_64' title='bbox 488 1405 614 1480; x_wconf 88' lang='lat' dir='ltr'>potest</span> <span class='ocrx_word' id='word_1_65' title='bbox 629 1396 760 1460; x_wconf 88' lang='lat' dir='ltr'><strong>Christi</strong></span> <span class='ocrx_word' id='word_1_66' title='bbox 775 1395 928 1460; x_wconf 86' lang='lat' dir='ltr'>vicarius</span> <span class='ocrx_word' id='word_1_67' title='bbox 953 1398 997 1460; x_wconf 86' lang='lat' dir='ltr'>ad</span> <span class='ocrx_word' id='word_1_68' title='bbox 1020 1405 1143 1460; x_wconf 90' lang='lat' dir='ltr'>votum</span> 
     </span>
     <span class='ocr_line' id='line_1_11' title="bbox 110 1498 1143 1582; baseline 0 -19"><span class='ocrx_word' id='word_1_69' title='bbox 110 1498 356 1582; x_wconf 81' lang='lat' dir='ltr'>roimprimere</span> <span class='ocrx_word' id='word_1_70' title='bbox 387 1509 458 1563; x_wconf 86' lang='lat' dir='ltr'>tam</span> <span class='ocrx_word' id='word_1_71' title='bbox 491 1501 663 1565; x_wconf 84' lang='lat' dir='ltr'>distanter</span> <span class='ocrx_word' id='word_1_72' title='bbox 696 1501 899 1582; x_wconf 82' lang='lat' dir='ltr'><strong>qualitatem</strong></span> <span class='ocrx_word' id='word_1_73' title='bbox 925 1500 1143 1582; x_wconf 87' lang='lat' dir='ltr'>inanimam,</span> 
     </span>
     <span class='ocr_line' id='line_1_12' title="bbox 154 1603 1144 1688; baseline 0.001 -21"><span class='ocrx_word' id='word_1_74' title='bbox 154 1603 236 1685; x_wconf 86' lang='lat' dir='ltr'>quia</span> <span class='ocrx_word' id='word_1_75' title='bbox 251 1613 336 1668; x_wconf 89' lang='lat' dir='ltr'>tunc</span> <span class='ocrx_word' id='word_1_76' title='bbox 351 1603 447 1667; x_wconf 85' lang='lat' dir='ltr'>foret</span> <span class='ocrx_word' id='word_1_77' title='bbox 462 1603 680 1688; x_wconf 83' lang='lat' dir='ltr'>superfluum</span> <span class='ocrx_word' id='word_1_78' title='bbox 696 1604 909 1669; x_wconf 87' lang='lat' dir='ltr'>auctorizare</span> <span class='ocrx_word' id='word_1_79' title='bbox 924 1613 1144 1687; x_wconf 91' lang='lat' dir='ltr'>potestatem</span> 
     </span>
     <span class='ocr_line' id='line_1_13' title="bbox 152 1708 1146 1792; baseline 0.001 -22"><span class='ocrx_word' id='word_1_80' title='bbox 152 1708 354 1773; x_wconf 88' lang='lat' dir='ltr'>huiusmodi</span> <span class='ocrx_word' id='word_1_81' title='bbox 385 1728 452 1792; x_wconf 91' lang='lat' dir='ltr'>per</span> <span class='ocrx_word' id='word_1_82' title='bbox 482 1710 610 1791; x_wconf 89' lang='lat' dir='ltr'>bullas,</span> <span class='ocrx_word' id='word_1_83' title='bbox 648 1718 685 1773; x_wconf 92' lang='lat' dir='ltr'>et</span> <span class='ocrx_word' id='word_1_84' title='bbox 722 1709 890 1773; x_wconf 91' lang='lat' dir='ltr'>continue</span> <span class='ocrx_word' id='word_1_85' title='bbox 927 1717 1014 1792; x_wconf 92' lang='lat' dir='ltr'>post</span> <span class='ocrx_word' id='word_1_86' title='bbox 1050 1708 1146 1772; x_wconf 87' lang='lat' dir='ltr'>foret</span> 
     </span>
     <span class='ocr_line' id='line_1_14' title="bbox 154 1813 1144 1897; baseline 0 -21"><span class='ocrx_word' id='word_1_87' title='bbox 154 1813 253 1877; x_wconf 89' lang='lat' dir='ltr'>accio</span> <span class='ocrx_word' id='word_1_88' title='bbox 276 1833 371 1897; x_wconf 91' lang='lat' dir='ltr'>pape</span> <span class='ocrx_word' id='word_1_89' title='bbox 393 1813 635 1897; x_wconf 83' lang='lat' dir='ltr'>impertinens,</span> <span class='ocrx_word' id='word_1_90' title='bbox 668 1813 762 1878; x_wconf 89' lang='lat' dir='ltr'>sicut</span> <span class='ocrx_word' id='word_1_91' title='bbox 782 1814 879 1878; x_wconf 86' lang='lat' dir='ltr'>foret</span> <span class='ocrx_word' id='word_1_92' title='bbox 899 1813 980 1896; x_wconf 92' lang='lat' dir='ltr'>ipso</span> <span class='ocrx_word' id='word_1_93' title='bbox 1003 1822 1144 1878; x_wconf 88' lang='lat' dir='ltr'>mortuo</span> 
     </span>
     <span class='ocr_line' id='line_1_15' title="bbox 64 1917 770 2000; baseline -0.004 -14"><span class='ocrx_word' id='word_1_94' title='bbox 64 1920 126 1986; x_wconf 81' lang='lat'><strong>¹64¹</strong></span> <span class='ocrx_word' id='word_1_95' title='bbox 153 1938 220 2000; x_wconf 89' lang='lat' dir='ltr'>pro</span> <span class='ocrx_word' id='word_1_96' title='bbox 243 1917 387 1982; x_wconf 90' lang='lat' dir='ltr'>instanti</span> <span class='ocrx_word' id='word_1_97' title='bbox 407 1921 412 2000; x_wconf 87' lang='grc' dir='ltr'>Ι</span> <span class='ocrx_word' id='word_1_98' title='bbox 432 1918 564 1982; x_wconf 90' lang='lat' dir='ltr'>noticie</span> <span class='ocrx_word' id='word_1_99' title='bbox 587 1920 770 1984; x_wconf 85' lang='lat' dir='ltr'>bullarum.</span> 
     </span>
     <span class='ocr_line' id='line_1_16' title="bbox 113 2022 1343 2107; baseline 0 -21"><span class='ocrx_word' id='word_1_100' title='bbox 113 2037 143 2089; x_wconf 69' lang='grc' dir='ltr'>ιθ</span> <span class='ocrx_word' id='word_1_101' title='bbox 197 2023 245 2086; x_wconf 88' lang='lat' dir='ltr'>Et</span> <span class='ocrx_word' id='word_1_102' title='bbox 266 2042 332 2106; x_wconf 92' lang='lat' dir='ltr'>per</span> <span class='ocrx_word' id='word_1_103' title='bbox 353 2022 448 2086; x_wconf 91' lang='lat' dir='ltr'>idem</span> <span class='ocrx_word' id='word_1_104' title='bbox 472 2023 644 2106; x_wconf 88' lang='lat' dir='ltr'>sequitur,</span> <span class='ocrx_word' id='word_1_105' title='bbox 677 2023 776 2107; x_wconf 92' lang='lat' dir='ltr'>quod</span> <span class='ocrx_word' id='word_1_106' title='bbox 799 2043 871 2087; x_wconf 92' lang='lat' dir='ltr'>non</span> <span class='ocrx_word' id='word_1_107' title='bbox 896 2022 1057 2086; x_wconf 90' lang='lat' dir='ltr'>subiacet</span> <span class='ocrx_word' id='word_1_108' title='bbox 1079 2043 1143 2106; x_wconf 94' lang='lat' dir='ltr'>po·</span> <span class='ocrx_word' id='word_1_109' title='bbox 1174 2056 1343 2099; x_wconf 53' lang='lat' dir='ltr'>mmor</span> 
     </span>
     <span class='ocr_line' id='line_1_17' title="bbox 153 2107 1359 2216; baseline 0.001 -26"><span class='ocrx_word' id='word_1_110' title='bbox 153 2127 276 2191; x_wconf 90' lang='lat' dir='ltr'>testati</span> <span class='ocrx_word' id='word_1_111' title='bbox 307 2147 370 2191; x_wconf 90' lang='lat' dir='ltr'>sue</span> <span class='ocrx_word' id='word_1_112' title='bbox 408 2148 579 2192; x_wconf 90' lang='lat' dir='ltr'>revocare</span> <span class='ocrx_word' id='word_1_113' title='bbox 615 2137 833 2211; x_wconf 89' lang='lat' dir='ltr'>potestatem</span> <span class='ocrx_word' id='word_1_114' title='bbox 865 2147 884 2191; x_wconf 91' lang='lat' dir='ltr'>a</span> <span class='ocrx_word' id='word_1_115' title='bbox 914 2129 995 2191; x_wconf 91' lang='lat' dir='ltr'>Deo</span> <span class='ocrx_word' id='word_1_116' title='bbox 1029 2129 1143 2191; x_wconf 86' lang='lat' dir='ltr'>datam</span> <span class='ocrx_word' id='word_1_117' title='bbox 1158 2107 1359 2216; x_wconf 52' lang='lat' dir='ltr'>ffleffypssffif</span> 
     </span>
     <span class='ocr_line' id='line_1_18' title="bbox 153 2232 1143 2316; baseline 0.001 -22"><span class='ocrx_word' id='word_1_118' title='bbox 153 2251 222 2295; x_wconf 91' lang='lat' dir='ltr'>nec</span> <span class='ocrx_word' id='word_1_119' title='bbox 254 2233 372 2295; x_wconf 83' lang='lat' dir='ltr'>laxare</span> <span class='ocrx_word' id='word_1_120' title='bbox 404 2240 623 2315; x_wconf 91' lang='lat' dir='ltr'>potestatem</span> <span class='ocrx_word' id='word_1_121' title='bbox 645 2233 744 2316; x_wconf 88' lang='lat' dir='ltr'>prius</span> <span class='ocrx_word' id='word_1_122' title='bbox 767 2232 921 2315; x_wconf 84' lang='lat' dir='ltr'>ligatam,</span> <span class='ocrx_word' id='word_1_123' title='bbox 954 2232 1048 2296; x_wconf 88' lang='lat' dir='ltr'>sicut</span> <span class='ocrx_word' id='word_1_124' title='bbox 1073 2252 1143 2296; x_wconf 92' lang='lat' dir='ltr'>non</span> 
     </span>
     <span class='ocr_line' id='line_1_19' title="bbox 155 2336 1143 2420; baseline 0.001 -21"><span class='ocrx_word' id='word_1_125' title='bbox 155 2339 281 2401; x_wconf 89' lang='lat' dir='ltr'>subest</span> <span class='ocrx_word' id='word_1_126' title='bbox 311 2336 485 2419; x_wconf 88' lang='lat' dir='ltr'>potestati</span> <span class='ocrx_word' id='word_1_127' title='bbox 517 2357 580 2400; x_wconf 93' lang='lat' dir='ltr'>sue</span> <span class='ocrx_word' id='word_1_128' title='bbox 613 2338 711 2420; x_wconf 91' lang='lat' dir='ltr'>quod</span> <span class='ocrx_word' id='word_1_129' title='bbox 743 2338 1040 2420; x_wconf 83' lang='lat' dir='ltr'>quandocumque</span> <span class='ocrx_word' id='word_1_130' title='bbox 1063 2358 1143 2420; x_wconf 87' lang='lat' dir='ltr'>pre·</span> 
     </span>
     <span class='ocr_line' id='line_1_20' title="bbox 155 2440 1144 2525; baseline 0.002 -21"><span class='ocrx_word' id='word_1_131' title='bbox 155 2440 272 2505; x_wconf 88' lang='lat' dir='ltr'>tendit</span> <span class='ocrx_word' id='word_1_132' title='bbox 294 2461 333 2504; x_wconf 92' lang='lat' dir='ltr'>se</span> <span class='ocrx_word' id='word_1_133' title='bbox 358 2442 444 2506; x_wconf 87' lang='lat' dir='ltr'>dare</span> <span class='ocrx_word' id='word_1_134' title='bbox 467 2450 685 2525; x_wconf 89' lang='lat' dir='ltr'>potestatem</span> <span class='ocrx_word' id='word_1_135' title='bbox 706 2442 908 2506; x_wconf 89' lang='lat' dir='ltr'>huiusmodi</span> <span class='ocrx_word' id='word_1_136' title='bbox 928 2444 1026 2525; x_wconf 89' lang='lat' dir='ltr'>quod</span> <span class='ocrx_word' id='word_1_137' title='bbox 1044 2441 1144 2506; x_wconf 90' lang='lat' dir='ltr'>Deus</span> 
     </span>
     <span class='ocr_line' id='line_1_21' title="bbox 113 2546 1146 2630; baseline 0.002 -22"><span class='ocrx_word' id='word_1_138' title='bbox 113 2574 147 2609; x_wconf 89' lang='lat'>20</span> <span class='ocrx_word' id='word_1_139' title='bbox 157 2554 345 2609; x_wconf 85' lang='lat' dir='ltr'>concurrat</span> <span class='ocrx_word' id='word_1_140' title='bbox 374 2548 532 2630; x_wconf 89' lang='lat' dir='ltr'>prebens</span> <span class='ocrx_word' id='word_1_141' title='bbox 563 2547 806 2630; x_wconf 88' lang='lat' dir='ltr'>principaliter</span> <span class='ocrx_word' id='word_1_142' title='bbox 833 2555 1060 2629; x_wconf 89' lang='lat' dir='ltr'>potestatem.</span> <span class='ocrx_word' id='word_1_143' title='bbox 1098 2546 1146 2610; x_wconf 88' lang='lat' dir='ltr'>Et</span> 
     </span>
     <span class='ocr_line' id='line_1_22' title="bbox 157 2649 1144 2734; baseline 0.002 -22"><span class='ocrx_word' id='word_1_144' title='bbox 157 2649 258 2713; x_wconf 90' lang='lat' dir='ltr'>aliter</span> <span class='ocrx_word' id='word_1_145' title='bbox 281 2659 416 2716; x_wconf 90' lang='lat' dir='ltr'>certum</span> <span class='ocrx_word' id='word_1_146' title='bbox 445 2661 501 2716; x_wconf 89' lang='lat' dir='ltr'>est</span> <span class='ocrx_word' id='word_1_147' title='bbox 538 2653 636 2734; x_wconf 91' lang='lat' dir='ltr'>quod</span> <span class='ocrx_word' id='word_1_148' title='bbox 659 2673 731 2715; x_wconf 90' lang='lat' dir='ltr'>non</span> <span class='ocrx_word' id='word_1_149' title='bbox 755 2653 857 2715; x_wconf 88' lang='lat' dir='ltr'>datur</span> <span class='ocrx_word' id='word_1_150' title='bbox 879 2660 1041 2734; x_wconf 89' lang='lat' dir='ltr'>potestas</span> <span class='ocrx_word' id='word_1_151' title='bbox 1065 2650 1144 2715; x_wconf 88' lang='lat' dir='ltr'>talis</span> 
     </span>
     <span class='ocr_line' id='line_1_23' title="bbox 156 2753 1144 2839; baseline 0 -22"><span class='ocrx_word' id='word_1_152' title='bbox 156 2757 200 2817; x_wconf 88' lang='lat' dir='ltr'>ab</span> <span class='ocrx_word' id='word_1_153' title='bbox 232 2754 389 2832; x_wconf 82' lang='lat' dir='ltr'>homine3</span> <span class='ocrx_word' id='word_1_154' title='bbox 424 2754 517 2818; x_wconf 89' lang='lat' dir='ltr'>sicut</span> <span class='ocrx_word' id='word_1_155' title='bbox 547 2755 657 2839; x_wconf 83' lang='lat' dir='ltr'>igitur</span> <span class='ocrx_word' id='word_1_156' title='bbox 687 2775 760 2818; x_wconf 91' lang='lat' dir='ltr'>non</span> <span class='ocrx_word' id='word_1_157' title='bbox 789 2756 890 2818; x_wconf 89' lang='lat' dir='ltr'>datur</span> <span class='ocrx_word' id='word_1_158' title='bbox 911 2763 1074 2839; x_wconf 89' lang='lat' dir='ltr'>potestas</span> <span class='ocrx_word' id='word_1_159' title='bbox 1096 2753 1144 2817; x_wconf 93' lang='lat' dir='ltr'>in·</span> 
     </span>
     <span class='ocr_line' id='line_1_24' title="bbox 155 2857 1145 2943; baseline 0.003 -23"><span class='ocrx_word' id='word_1_160' title='bbox 155 2857 265 2922; x_wconf 90' lang='lat' dir='ltr'>habili</span> <span class='ocrx_word' id='word_1_161' title='bbox 274 2861 333 2922; x_wconf 92' lang='lat' dir='ltr'>vel</span> <span class='ocrx_word' id='word_1_162' title='bbox 347 2858 470 2940; x_wconf 88' lang='lat' dir='ltr'>invito,</span> <span class='ocrx_word' id='word_1_163' title='bbox 481 2859 533 2922; x_wconf 91' lang='lat' dir='ltr'>sic</span> <span class='ocrx_word' id='word_1_164' title='bbox 548 2880 616 2923; x_wconf 89' lang='lat' dir='ltr'>nec</span> <span class='ocrx_word' id='word_1_165' title='bbox 632 2868 840 2943; x_wconf 89' lang='lat' dir='ltr'>potentatus</span> <span class='ocrx_word' id='word_1_166' title='bbox 852 2861 912 2923; x_wconf 91' lang='lat' dir='ltr'>dat</span> <span class='ocrx_word' id='word_1_167' title='bbox 926 2867 1145 2943; x_wconf 89' lang='lat' dir='ltr'>potestatem</span> 
     </span>
     <span class='ocr_line' id='line_1_25' title="bbox 156 2963 1145 3047; baseline 0.003 -21"><span class='ocrx_word' id='word_1_168' title='bbox 156 2963 258 3026; x_wconf 87' lang='lat' dir='ltr'>alteri</span> <span class='ocrx_word' id='word_1_169' title='bbox 280 2963 311 3026; x_wconf 91' lang='lat' dir='ltr'>si</span> <span class='ocrx_word' id='word_1_170' title='bbox 333 2963 527 3047; x_wconf 83' lang='lat' dir='ltr'>pretendit,</span> <span class='ocrx_word' id='word_1_171' title='bbox 560 2965 662 3029; x_wconf 86' lang='lat' dir='ltr'>aliter</span> <span class='ocrx_word' id='word_1_172' title='bbox 693 2965 784 3028; x_wconf 91' lang='lat' dir='ltr'>enim</span> <span class='ocrx_word' id='word_1_173' title='bbox 809 2973 962 3047; x_wconf 90' lang='lat' dir='ltr'>possent</span> <span class='ocrx_word' id='word_1_174' title='bbox 982 2965 1145 3029; x_wconf 91' lang='lat' dir='ltr'>homines</span> 
     </span>
     <span class='ocr_line' id='line_1_26' title="bbox 112 3066 1145 3153; baseline 0.001 -23"><span class='ocrx_word' id='word_1_175' title='bbox 112 3081 144 3132; x_wconf 83' lang='lat'>25</span> <span class='ocrx_word' id='word_1_176' title='bbox 155 3066 191 3129; x_wconf 92' lang='lat' dir='ltr'>in</span> <span class='ocrx_word' id='word_1_177' title='bbox 207 3075 477 3150; x_wconf 88' lang='lat' dir='ltr'>sepotestatum</span> <span class='ocrx_word' id='word_1_178' title='bbox 494 3067 705 3133; x_wconf 86' lang='lat' dir='ltr'>commercia</span> <span class='ocrx_word' id='word_1_179' title='bbox 721 3068 888 3152; x_wconf 85' lang='lat' dir='ltr'>experiri,</span> <span class='ocrx_word' id='word_1_180' title='bbox 912 3077 948 3131; x_wconf 86' lang='lat' dir='ltr'>et</span> <span class='ocrx_word' id='word_1_181' title='bbox 966 3068 1145 3153; x_wconf 82' lang='lat' dir='ltr'>generalis</span> 
     </span>
     <span class='ocr_line' id='line_1_27' title="bbox 156 3170 1144 3257; baseline 0.003 -25"><span class='ocrx_word' id='word_1_182' title='bbox 156 3170 285 3234; x_wconf 89' lang='lat' dir='ltr'>volicio</span> <span class='ocrx_word' id='word_1_183' title='bbox 308 3192 377 3254; x_wconf 90' lang='lat' dir='ltr'>qua</span> <span class='ocrx_word' id='word_1_184' title='bbox 401 3172 514 3236; x_wconf 91' lang='lat' dir='ltr'>omnis</span> <span class='ocrx_word' id='word_1_185' title='bbox 537 3193 632 3256; x_wconf 91' lang='lat' dir='ltr'>papa</span> <span class='ocrx_word' id='word_1_186' title='bbox 656 3174 733 3236; x_wconf 88' lang='lat' dir='ltr'>vult</span> <span class='ocrx_word' id='word_1_187' title='bbox 763 3173 859 3257; x_wconf 91' lang='lat' dir='ltr'>quod</span> <span class='ocrx_word' id='word_1_188' title='bbox 882 3193 1006 3236; x_wconf 91' lang='lat' dir='ltr'>omnes</span> <span class='ocrx_word' id='word_1_189' title='bbox 1032 3193 1144 3236; x_wconf 90' lang='lat' dir='ltr'>sacer·</span> 
     </span>
     <span class='ocr_line' id='line_1_28' title="bbox 156 3275 1145 3342; baseline 0.004 -5"><span class='ocrx_word' id='word_1_190' title='bbox 156 3275 260 3340; x_wconf 89' lang='lat' dir='ltr'>dotes</span> <span class='ocrx_word' id='word_1_191' title='bbox 296 3275 427 3340; x_wconf 87' lang='lat' dir='ltr'>Christi</span> <span class='ocrx_word' id='word_1_192' title='bbox 462 3277 599 3342; x_wconf 87' lang='lat' dir='ltr'>habiles</span> <span class='ocrx_word' id='word_1_193' title='bbox 639 3286 674 3340; x_wconf 90' lang='lat' dir='ltr'>et</span> <span class='ocrx_word' id='word_1_194' title='bbox 712 3279 827 3341; x_wconf 92' lang='lat' dir='ltr'>solum</span> <span class='ocrx_word' id='word_1_195' title='bbox 864 3279 955 3340; x_wconf 86' lang='lat' dir='ltr'>tales</span> <span class='ocrx_word' id='word_1_196' title='bbox 991 3278 1145 3341; x_wconf 87' lang='lat' dir='ltr'>habeant</span> 
     </span>
     <span class='ocr_line' id='line_1_29' title="bbox 155 3382 1146 3467; baseline 0.002 -25"><span class='ocrx_word' id='word_1_197' title='bbox 155 3387 370 3462; x_wconf 91' lang='lat' dir='ltr'>potestatem</span> <span class='ocrx_word' id='word_1_198' title='bbox 403 3393 565 3446; x_wconf 86' lang='lat' dir='ltr'>causaret</span> <span class='ocrx_word' id='word_1_199' title='bbox 596 3384 705 3467; x_wconf 83' lang='lat' dir='ltr'>longe</span> <span class='ocrx_word' id='word_1_200' title='bbox 738 3382 839 3446; x_wconf 90' lang='lat' dir='ltr'>aliter</span> <span class='ocrx_word' id='word_1_201' title='bbox 871 3401 975 3464; x_wconf 90' lang='lat' dir='ltr'>quam</span> <span class='ocrx_word' id='word_1_202' title='bbox 1002 3391 1146 3465; x_wconf 91' lang='lat' dir='ltr'>reputat</span> 
     </span>
     <span class='ocr_line' id='line_1_30' title="bbox 155 3485 557 3569; baseline 0.01 -22"><span class='ocrx_word' id='word_1_203' title='bbox 155 3485 307 3549; x_wconf 89' lang='lat' dir='ltr'>ecclesia</span> <span class='ocrx_word' id='word_1_204' title='bbox 328 3495 557 3569; x_wconf 88' lang='lat' dir='ltr'>potestatem.</span> 
     </span>
     <span class='ocr_line' id='line_1_31' title="bbox 111 3589 1339 3721; baseline -0.002 -63"><span class='ocrx_word' id='word_1_205' title='bbox 111 3606 145 3658; x_wconf 85' lang='lat'>30</span> <span class='ocrx_word' id='word_1_206' title='bbox 198 3589 239 3652; x_wconf 88' lang='lat' dir='ltr'>In</span> <span class='ocrx_word' id='word_1_207' title='bbox 270 3589 338 3653; x_wconf 85' lang='lat' dir='ltr'>ista</span> <span class='ocrx_word' id='word_1_208' title='bbox 375 3592 520 3655; x_wconf 88' lang='lat' dir='ltr'>materia</span> <span class='ocrx_word' id='word_1_209' title='bbox 553 3591 694 3656; x_wconf 89' lang='lat' dir='ltr'>videtur</span> <span class='ocrx_word' id='word_1_210' title='bbox 730 3592 814 3655; x_wconf 92' lang='lat' dir='ltr'>mihi</span> <span class='ocrx_word' id='word_1_211' title='bbox 852 3592 950 3674; x_wconf 91' lang='lat' dir='ltr'>quod</span> <span class='ocrx_word' id='word_1_212' title='bbox 981 3599 1144 3675; x_wconf 86' lang='lat' dir='ltr'>potestas</span> <span class='ocrx_word' id='word_1_213' title='bbox 1185 3624 1226 3669; x_wconf 71' lang='lat' dir='ltr'>Yet</span> <span class='ocrx_word' id='word_1_214' title='bbox 1241 3625 1269 3668; x_wconf 56' lang='lat' dir='ltr'>be</span> <span class='ocrx_word' id='word_1_215' title='bbox 1283 3637 1339 3721; x_wconf 64' lang='lat' dir='ltr'>mi</span> 
     </span>
     <span class='ocr_line' id='line_1_32' title="bbox 1341 3685 1350 3721; baseline 0 0"><span class='ocrx_word' id='word_1_216' title='bbox 1341 3685 1350 3721; x_wconf 85' lang='lat' dir='ltr'>t</span> 
     </span>
    </p>
   </div>
   <div class='ocr_carea' id='block_1_3' title="bbox 155 3678 1336 3780">
    <p class='ocr_par' dir='ltr' id='par_1_3' title="bbox 155 3678 1336 3780">
     <span class='ocr_line' id='line_1_33' title="bbox 155 3678 1336 3780; baseline 0.004 -23"><span class='ocrx_word' id='word_1_217' title='bbox 155 3694 241 3759; x_wconf 91' lang='lat' dir='ltr'>dicit</span> <span class='ocrx_word' id='word_1_218' title='bbox 256 3715 350 3759; x_wconf 91' lang='lat' dir='ltr'>nunc</span> <span class='ocrx_word' id='word_1_219' title='bbox 366 3698 529 3760; x_wconf 89' lang='lat' dir='ltr'>absolute</span> <span class='ocrx_word' id='word_1_220' title='bbox 545 3696 748 3780; x_wconf 90' lang='lat' dir='ltr'>potenciam</span> <span class='ocrx_word' id='word_1_221' title='bbox 771 3697 815 3759; x_wconf 90' lang='lat' dir='ltr'>ad</span> <span class='ocrx_word' id='word_1_222' title='bbox 838 3698 1078 3780; x_wconf 83' lang='lat' dir='ltr'>regulandum,</span> <span class='ocrx_word' id='word_1_223' title='bbox 1107 3706 1145 3759; x_wconf 90' lang='lat' dir='ltr'>et</span> <span class='ocrx_word' id='word_1_224' title='bbox 1162 3678 1336 3774; x_wconf 51' lang='lat' dir='ltr'>hgienssssssefffic</span> 
     </span>
    </p>
   </div>
   <div class='ocr_carea' id='block_1_4' title="bbox 1167 3782 1342 3838">
    <p class='ocr_par' dir='ltr' id='par_1_4' title="bbox 1167 3782 1342 3838">
     <span class='ocr_line' id='line_1_34' title="bbox 1167 3782 1342 3838; baseline 0.006 -13"><span class='ocrx_word' id='word_1_225' title='bbox 1167 3782 1342 3838; x_wconf 75' lang='lat' dir='ltr'>promulgetion</span> 
     </span>
    </p>
   </div>
   <div class='ocr_carea' id='block_1_5' title="bbox 154 3799 1344 3888">
    <p class='ocr_par' dir='ltr' id='par_1_5' title="bbox 154 3799 1344 3888">
     <span class='ocr_line' id='line_1_35' title="bbox 154 3799 1344 3888; baseline 0.005 -27"><span class='ocrx_word' id='word_1_226' title='bbox 154 3819 248 3862; x_wconf 90' lang='lat' dir='ltr'>nunc</span> <span class='ocrx_word' id='word_1_227' title='bbox 283 3799 368 3865; x_wconf 89' lang='lat' dir='ltr'>dicit</span> <span class='ocrx_word' id='word_1_228' title='bbox 406 3801 640 3888; x_wconf 77' lang='lat' dir='ltr'>aggregative</span> <span class='ocrx_word' id='word_1_229' title='bbox 677 3801 880 3884; x_wconf 90' lang='lat' dir='ltr'>potenciam</span> <span class='ocrx_word' id='word_1_230' title='bbox 917 3803 1023 3866; x_wconf 88' lang='lat' dir='ltr'>talem</span> <span class='ocrx_word' id='word_1_231' title='bbox 1063 3822 1142 3865; x_wconf 93' lang='lat' dir='ltr'>cum</span> <span class='ocrx_word' id='word_1_232' title='bbox 1170 3836 1273 3878; x_wconf 59' lang='lat' dir='ltr'>ofww</span> <span class='ocrx_word' id='word_1_233' title='bbox 1291 3835 1344 3878; x_wconf 67' lang='lat' dir='ltr'>flod</span> 
     </span>
    </p>
   </div>
   <div class='ocr_carea' id='block_1_6' title="bbox 153 3887 1347 3990">
    <p class='ocr_par' dir='ltr' id='par_1_6' title="bbox 153 3887 1347 3990">
     <span class='ocr_line' id='line_1_36' title="bbox 153 3887 1347 3990; baseline 0.002 -22"><span class='ocrx_word' id='word_1_234' title='bbox 153 3905 404 3972; x_wconf 89' lang='lat' dir='ltr'>notificacione</span> <span class='ocrx_word' id='word_1_235' title='bbox 421 3916 480 3971; x_wconf 88' lang='lat' dir='ltr'>aut</span> <span class='ocrx_word' id='word_1_236' title='bbox 494 3906 787 3990; x_wconf 84' lang='lat' dir='ltr'>promulgacione</span> <span class='ocrx_word' id='word_1_237' title='bbox 804 3907 989 3986; x_wconf 87' lang='lat' dir='ltr'>autentica,</span> <span class='ocrx_word' id='word_1_238' title='bbox 1012 3916 1144 3971; x_wconf 88' lang='lat' dir='ltr'>etcum</span> <span class='ocrx_word' id='word_1_239' title='bbox 1168 3890 1210 3931; x_wconf 76' lang='lat'>¹¹⁸⁸</span> <span class='ocrx_word' id='word_1_240' title='bbox 1224 3887 1347 3932; x_wconf 49' lang='grc' dir='ltr'>ΝΜ·</span> 
     </span>
    </p>
   </div>
   <div class='ocr_carea' id='block_1_7' title="bbox 153 4145 1140 4272">
    <p class='ocr_par' dir='ltr' id='par_1_7' title="bbox 153 4145 1140 4272">
     <span class='ocr_line' id='line_1_37' title="bbox 207 4145 1140 4204; baseline 0.001 -13"><span class='ocrx_word' id='word_1_241' title='bbox 207 4145 271 4191; x_wconf 82' lang='lat'><em>2-3.</em></span> <span class='ocrx_word' id='word_1_242' title='bbox 287 4147 338 4192; x_wconf 78' lang='lat' dir='ltr'>AB:</span> <span class='ocrx_word' id='word_1_243' title='bbox 353 4152 441 4191; x_wconf 78' lang='lat' dir='ltr'>ante-</span> <span class='ocrx_word' id='word_1_244' title='bbox 450 4158 515 4204; x_wconf 81' lang='lat' dir='ltr'>papa</span> <span class='ocrx_word' id='word_1_245' title='bbox 531 4147 603 4192; x_wconf 80' lang='lat' dir='ltr'>deest.</span> <span class='ocrx_word' id='word_1_246' title='bbox 617 4146 644 4190; x_wconf 88' lang='lat' dir='ltr'>In</span> <span class='ocrx_word' id='word_1_247' title='bbox 655 4147 708 4191; x_wconf 90' lang='lat' dir='ltr'>cod.</span> <span class='ocrx_word' id='word_1_248' title='bbox 720 4150 742 4191; x_wconf 85' lang='lat' dir='ltr'>A</span> <span class='ocrx_word' id='word_1_249' title='bbox 756 4147 780 4192; x_wconf 91' lang='lat' dir='ltr'>in</span> <span class='ocrx_word' id='word_1_250' title='bbox 796 4160 870 4202; x_wconf 79' lang='lat' dir='ltr'>marg.</span> <span class='ocrx_word' id='word_1_251' title='bbox 881 4148 925 4191; x_wconf 78' lang='lat' dir='ltr'>aliu</span> <span class='ocrx_word' id='word_1_252' title='bbox 940 4159 1010 4192; x_wconf 80' lang='lat' dir='ltr'>manu</span> <span class='ocrx_word' id='word_1_253' title='bbox 1026 4148 1140 4192; x_wconf 80' lang='lat' dir='ltr'>additum.</span> 
     </span>
     <span class='ocr_line' id='line_1_38' title="bbox 153 4214 892 4272; baseline -0.001 -11"><span class='ocrx_word' id='word_1_254' title='bbox 153 4214 192 4261; x_wconf 79' lang='lat'>30.</span> <span class='ocrx_word' id='word_1_255' title='bbox 207 4217 248 4260; x_wconf 83' lang='lat' dir='ltr'>AB</span> <span class='ocrx_word' id='word_1_256' title='bbox 263 4216 286 4260; x_wconf 88' lang='lat' dir='ltr'>in</span> <span class='ocrx_word' id='word_1_257' title='bbox 302 4229 389 4272; x_wconf 58' lang='lat' dir='ltr'>marga</span> <span class='ocrx_word' id='word_1_258' title='bbox 404 4217 509 4261; x_wconf 78' lang='lat' dir='ltr'>Potestas</span> <span class='ocrx_word' id='word_1_259' title='bbox 514 4232 524 4269; x_wconf 88' lang='lat'>,·</span> <span class='ocrx_word' id='word_1_260' title='bbox 537 4217 567 4262; x_wconf 87' lang='lat' dir='ltr'>B:</span> <span class='ocrx_word' id='word_1_261' title='bbox 583 4216 712 4272; x_wconf 71' lang='lat' dir='ltr'>Responsio</span> <span class='ocrx_word' id='word_1_262' title='bbox 725 4219 758 4260; x_wconf 82' lang='lat' dir='ltr'>ad</span> <span class='ocrx_word' id='word_1_263' title='bbox 771 4218 892 4262; x_wconf 77' lang='lat' dir='ltr'>obiectum.</span> 
     </span>
    </p>
   </div>
   <div class='ocr_carea' id='block_1_8' title="bbox 207 4341 606 4409">
    <p class='ocr_par' dir='ltr' id='par_1_8' title="bbox 207 4341 606 4409">
     <span class='ocr_line' id='line_1_39' title="bbox 207 4341 606 4409; baseline -0.003 -14"><span class='ocrx_word' id='word_1_264' title='bbox 207 4343 317 4396; x_wconf 84' lang='lat'><strong>30-33.</strong></span> <span class='ocrx_word' id='word_1_265' title='bbox 338 4343 425 4392; x_wconf 83' lang='lat' dir='ltr'>Hussii</span> <span class='ocrx_word' id='word_1_266' title='bbox 445 4343 515 4409; x_wconf 90' lang='lat' dir='ltr'>Opp.</span> <span class='ocrx_word' id='word_1_267' title='bbox 535 4341 606 4397; x_wconf 64' lang='lat'>213⁹.</span> 
     </span>
    </p>
   </div>
   <div class='ocr_carea' id='block_1_9' title="bbox 0 0 1514 5026">
    <p class='ocr_par' dir='ltr' id='par_1_9' title="bbox 0 0 1514 5026">
     <span class='ocr_line' id='line_1_40' title="bbox 0 0 1514 5026; baseline 0 0"><span class='ocrx_word' id='word_1_268' title='bbox 0 0 1514 5026; x_wconf 95' lang='lat' dir='ltr'> </span> 
     </span>
    </p>
   </div>
  </div>
 </body>
</html>
