3008 5026
155 372 224 417 cm.
239 362 314 442 vm]
456 379 501 427 un
521 379 731 431 eoresrnra
751 380 846 434 enen.

153 537 302 597 sednon
325 537 508 616 apostolico
531 538 623 611 iura·
649 557 708 600 nec
735 540 826 601 enim
854 539 914 600 tibi
940 539 1027 601 dare
1052 541 1143 619 qrcod

155 658 219 701 non
242 641 368 715 habuit,
387 642 515 721 potuii;
544 643 634 720 qriod
655 643 779 721 hahuit,
806 644 867 704 hoc
888 643 990 724 dedit,
1012 644 1140 706 sollici-

153 745 305 806 tudinem
329 750 365 806 ut
387 745 460 807 dini
478 764 583 826 super
598 748 763 811 ecclesias.
787 747 964 829 Numquid
979 750 1141 811 domina-

153 849 309 911 cionem?
323 848 418 912 Andi
433 851 557 930 ipsum.
582 849 657 913 Non
673 853 899 929 dominantes,
916 853 974 931 aii,
992 854 1027 914 in
1052 853 1142 914 clero

129 954 212 1016 §scd
224 952 351 1033 forma
364 953 457 1034 sacti
475 957 602 1036 gregis,
630 961 661 1017 et
684 976 724 1020 ne
745 958 806 1020 lroc
828 959 955 1019 dictum
978 958 1054 1019 sola
1076 958 1140 1020 luc·

153 1059 297 1121 militate
316 1065 423 1139 pictos,
451 1078 518 1122 non
542 1061 649 1122 eciam
673 1063 823 1140 veritate,
856 1081 918 1125 uon
939 1062 1072 1123 domini
1094 1068 1142 1124 est

153 1162 188 1222 in
216 1165 406 1244 euangelio:
443 1163 550 1244 Reges
572 1167 732 1245 gencium
756 1167 981 1228 dominamur
1012 1184 1141 1241 aornim,

153 1284 211 1328 uos
238 1272 352 1330 autem
381 1287 448 1332 non
475 1272 533 1332 sic.
571 1270 721 1334 Planum
750 1276 814 1334 cst:
840 1272 1006 1352 apostolis
1033 1272 1139 1333 iuter-

152 1370 278 1432 dicitur
300 1373 506 1437 dominatus.

112 1499 141 1535 10
195 1475 289 1538 Ecce
320 1478 389 1539 hoc
422 1478 554 1561 triplex
582 1478 821 1542 testimonium
849 1478 1035 1541 manifeste
1059 1497 1139 1540 con·

152 1579 261 1642 vincit
283 1581 369 1644 illud
391 1583 620 1663 mendacium,
643 1586 704 1646 lex
727 1583 882 1666 propria,
907 1583 1140 1666 Augustinus,

152 1685 389 1764 Bernhardus,
418 1688 478 1769 qui
506 1688 690 1750 manifeste
718 1687 812 1757 dicit,
846 1687 944 1770 quod
971 1707 1041 1750 non
1064 1687 1140 1749 iure

152 1790 351 1870 apostolico
375 1812 468 1873 papa
490 1794 599 1854 habet
620 1795 687 1855 hec
711 1791 927 1875 temporalia
951 1791 1040 1854 Ideo
1055 1790 1140 1853 dicit

151 1892 240 1954 libro
265 1893 330 1957 IV:
360 1895 401 1957 lu
428 1898 495 1959 hiis
522 1898 712 1960 successisti
738 1916 804 1958 uon
833 1897 932 1958 Petro
959 1897 1019 1958 sed
1048 1894 1138 1961 Cou-

113 2000 310 2060 15staniiuo.

194 2101 240 2165 Et
263 2112 362 2184 patet
385 2125 488 2186 quam
512 2105 682 2167 horribile
706 2113 762 2167 est
784 2104 922 2186 fingere
946 2103 1029 2166 talia
1047 2106 1139 2168 blas·
1163 2116 1273 2174 wormy
1288 2118 1344 2170 sifts

152 2204 242 2268 fema
265 2207 446 2270 mendacia
468 2218 618 2291 propter
641 2207 793 2270 dominia
817 2208 1024 2290 temporalia
1044 2208 1139 2290 palli·
1182 2171 1329 2266 idendiuici

151 2310 246 2373 anda
271 2311 375 2374 Patet
398 2312 518 2392 eciam,
542 2312 639 2394 quod
655 2332 722 2374 nec
745 2313 922 2374 seculares
938 2331 1003 2373 nec
1022 2312 1139 2375 clerici
1168 2275 1208 2316 sn
1224 2287 1297 2327 ''¹¹⁰'‘
1312 2285 1335 2319 η’

150 2414 312 2476 iuvantur
326 2435 392 2498 per
406 2416 645 2479 assistenciam
662 2415 780 2477 talium
796 2415 1137 2478 antichristianorum

108 2520 213 2579 2osed
255 2519 465 2600 profundius
506 2521 721 2603 peiorantur,
774 2528 843 2581 tam
887 2519 1006 2600 quoad
1042 2522 1138 2581 bona

150 2623 358 2704 temporalia
390 2645 493 2705 quam
518 2624 719 2706 spiritualia.
758 2622 885 2704 Quoad
918 2623 1136 2706 temporalia,

149 2736 188 2787 ut
210 2728 461 2810 prophetatum
486 2737 542 2791 est
558 2731 645 2791 Dan.
664 2727 699 2789 II
716 2736 752 2790 et
773 2727 965 2810 exponitur
981 2726 1136 2801 inferius

148 2832 217 2893 hoc
240 2831 327 2895 fecit
341 2833 549 2895 scissionem
566 2832 715 2914 imperii.
740 2832 786 2895 Et
801 2831 917 2913 quoad
933 2830 1136 2914 spiritualia,

148 2944 249 3019 patet
272 2939 367 3017 quod
384 2947 506 2999 mutuo
524 2956 562 2999 se
583 2935 743 2998 inficiunt
759 2955 805 2996 ex
823 2954 1012 2998 consensu.
1039 2935 1136 2997 Assi-

106 3040 283 3103 nsstencia
306 3049 421 3102 autem
445 3040 530 3102 cleri
553 3039 708 3102 tenentis
736 3060 775 3102 se
798 3039 833 3101 in
858 3047 950 3101 statu
975 3038 1137 3122 primevo

149 3147 334 3207 decoraret
357 3144 517 3207 miliciam
542 3154 578 3207 et
603 3153 758 3224 econtra,
782 3152 821 3206 ut
843 3152 945 3226 patet
960 3145 1005 3206 de
1022 3144 1137 3206 beatis

148 3246 368 3331 Sebastian0,
399 3249 549 3313 Martino
579 3258 614 3311 et
646 3248 776 3311 ceteris
804 3249 867 3310 sed
895 3257 1136 3330 apostatarum

148 3353 353 3417 assistencia
376 3355 591 3436 deturparet.

191 3457 322 3539 Quinta
352 3479 456 3522 causa
479 3460 561 3521 ficta
583 3469 639 3521 est
662 3456 732 3520 loci
756 3456 924 3519 sanctitas
953 3475 999 3516 ex
1022 3454 1136 3516 multi·
1168 3480 1274 3541 anona
1289 3482 1339 3536 pua

105 3577 137 3626 30
147 3564 230 3646 plici
254 3563 521 3627 christianorum
546 3562 725 3644 martyri0,
750 3561 810 3624 ubi
835 3561 939 3623 decet
959 3558 1136 3622 sanctissi·
1168 3534 1344 3630 'einin‘i'cio'iytiif

147 3689 238 3731 mum
264 3677 370 3751 caput
387 3668 539 3730 ecclesie
557 3667 767 3730 conversari.
792 3663 864 3729 Sed
882 3672 1022 3727 constat
1039 3664 1136 3744 quod
1161 3649 1230 3694 Μ’
1241 3645 1352 3695 ‘nm-“⁸¹

146 3775 246 3836 locus
277 3793 349 3836 non
377 3773 572 3835 sanctificat
600 3771 852 3834 inhabitantem
882 3772 944 3832 sed
978 3777 1135 3843 econtra,

145 3886 184 3939 ut
206 3877 334 3941 dicitur
357 3877 401 3942 ΙΙ.
427 3877 701 3940 Machabeorum
726 3874 769 3939 V.
803 3874 919 3937 Locus
948 3872 1040 3935 enim
1064 3892 1136 3935 non

145 3991 202 4046 est
233 3984 278 4046 de
309 4002 444 4065 genere
477 3982 682 4060 activorum,
716 4000 793 4042 cum
823 3978 869 4041 sit
896 3977 1074 4060 quantitas
1100 3986 1136 4039 et

198 4205 233 4251 31.
247 4207 288 4251 AB
302 4205 326 4250 in
343 4217 428 4260 marga
443 4206 517 4249 Locus
531 4218 577 4249 non
592 4203 723 4259 sanctificat
737 4204 859 4247 nominem.

202 4314 321 4380 14.Cap.
341 4313 382 4375 ill,
402 4330 460 4380 pag.
480 4311 538 4379 776.
