3008 5026
689 416 860 469 sommus
880 414 1022 468 wvcnr
1196 396 1280 487 [cir.
1298 412 1352 458 vn«

358 581 470 637 tatem
494 581 639 637 coactus
667 573 868 657 susciperet
893 582 1077 636 onustam
1101 576 1246 637 arduum
1271 594 1352 638 cum

355 676 561 741 intencione
592 677 747 743 faciendi
777 698 870 762 opus
902 678 1136 761 evangeliste,
1174 679 1353 743 subducta

357 781 553 848 affeccione
563 783 814 867 prosperitatis
830 792 973 848 terrene
988 792 1024 847 et
1039 803 1107 866 per
1123 801 1351 867 consequens

357 906 437 950 cum
464 887 600 953 timore.
638 887 728 951 Inde
757 887 992 952 distinccione
1014 886 1083 950 XL
1110 889 1178 950 sub
1201 888 1350 952 auctori·

356 999 430 1054 tate
452 991 625 1070 Jeronimi
647 992 734 1056 dicit
750 1010 878 1056 canon:
902 991 979 1055 Non
1002 997 1051 1056 est
1063 991 1175 1072 facite
1196 998 1290 1057 stare
1313 994 1375 1056 ini

354 1096 426 1160 ioco
459 1095 553 1160 Petri
584 1103 614 1160 et
645 1097 740 1161 Petri
776 1103 888 1161 tenere
914 1097 1124 1176 cathedram,
1162 1099 1246 1178 qnia
1281 1116 1351 1161 non

354 1205 553 1265 sanctornm
568 1201 642 1281 filii
664 1206 743 1265 sient
774 1203 833 1284 qni
855 1207 964 1266 tenent
985 1202 1061 1265 toea
1076 1207 1275 1265 sanctornm
1290 1204 1352 1266 sed

354 1306 414 1385 qni
436 1312 590 1370 exercent
612 1325 718 1388 opera
741 1325 871 1370 eorum.
908 1305 1146 1369 Attendamus
1173 1305 1284 1389 igitur
1307 1307 1352 1370 ad

356 1428 468 1491 opera
504 1418 687 1493 pastorum
725 1409 904 1493 primitive
943 1410 1095 1473 ecclesie
1130 1419 1168 1474 et
1198 1430 1270 1474 non
1306 1412 1351 1475 ad

355 1513 568 1595 temporalia
589 1524 713 1597 preter
737 1513 1002 1578 ordinacionem
1018 1513 1212 1596 primevam
1228 1534 1276 1577 ex
1291 1514 1352 1597 pia
1363 1533 1394 1569 ¹⁰

355 1615 562 1699 ignorancia
585 1619 810 1701 conglobata,
841 1626 878 1680 et
899 1617 1100 1681 videbimus
1128 1636 1176 1681 ex
1203 1620 1351 1683 decreto

356 1722 409 1804 (ut
441 1741 530 1804 sepe
562 1721 711 1804 repecii)
735 1723 834 1805 quod
856 1720 959 1785 nimis
996 1722 1096 1785 multi
1133 1723 1353 1787 mendaciter

356 1833 439 1888 sunt
461 1827 596 1908 prelati.
620 1825 709 1890 Ideo
732 1826 818 1890 dicit
833 1825 987 1909 Spiritus
1003 1826 1120 1908 Apoc.
1135 1826 1201 1910 III,
1218 1850 1238 1908 9
1263 1848 1350 1911 quo·

355 1931 462 1993 modo
479 1930 530 1993 illi
545 1934 587 1995 de
601 1945 781 2014 synagoga
794 1933 937 1996 sathane
953 1931 1070 1995 dicunt
1088 1951 1124 1996 se
1137 1952 1209 1997 csse
1226 1932 1352 1999 Iudeos

354 2039 385 2098 et
408 2054 475 2098 non
497 2038 658 2099 suntsed
681 2037 909 2100 menciuntnr.
1366 2041 1393 2091 15

159 2173 210 2218 Th,
225 2176 330 2232 mic„
399 2138 603 2203 Redeundo
637 2140 747 2224 igitur
783 2141 828 2203 ad
865 2139 1136 2223 exposicionem
1173 2141 1351 2224 scripture

138 2226 339 2324 ¹¹²⁶,¹5'¹3¹¹¹,i„‘,'{,f'¹⁰
354 2242 539 2308 videamus
567 2247 763 2308 secundum
790 2243 993 2308 mellifluum
1020 2247 1086 2308 sub
1117 2245 1251 2310 cortice
1274 2267 1352 2311 ver·

353 2348 481 2411 borum
516 2355 649 2413 centnm
685 2351 937 2431 qninquaginta
983 2351 1091 2413 trium
1138 2364 1350 2432 magnorum

350 2454 515 2534 piscium.
554 2454 652 2534 Nam,
680 2464 720 2517 ut
741 2452 856 2536 inquit
877 2453 1112 2535 Augustinus,
1135 2455 1193 2517 De
1215 2455 1351 2521 Verbis

355 2557 499 2621 Domini
523 2557 696 2623 Sermone
720 2556 828 2620 XIV:
854 2557 1000 2639 Quando
1017 2577 1207 2641 possumus
1227 2562 1270 2623 de
1292 2562 1349 2624 di·
1362 2579 1395 2613 ²0

354 2662 444 2725 vinis
470 2664 639 2744 operibus,
669 2681 733 2744 qm
763 2663 934 2744 leguntur,
965 2663 1169 2726 intellectum
1200 2665 1352 2730 alicuius

354 2767 485 2831 mistice
506 2768 776 2849 significacionis
798 2769 976 2850 exculpere
998 2769 1098 2850 quasi
1119 2770 1161 2832 de
1180 2770 1352 2834 abstrusis

354 2871 526 2952 favorum
541 2875 634 2937 celtis
650 2875 754 2937 melta
764 2873 1003 2955 producimus.
1026 2874 1082 2937 Vel
1099 2870 1227 2938 Christi
1242 2875 1349 2937 disci-

349 2978 452 3058 pntos
475 2979 648 3041 imitantes
670 2978 786 3059 spicas
801 2978 962 3041 manibus
978 2975 1221 3057 confricamus,
1244 2982 1282 3040 nt
1302 2979 1351 3041 ad

350 3094 470 3161 grana
492 3083 614 3145 vitalia
635 3083 673 3145 in
688 3084 737 3146 eis
752 3083 899 3145 tatencia
914 3084 1164 3163 contingamus.
1188 3080 1351 3165 Exponit
1362 3088 1393 3139 25

354 3194 474 3248 autem
505 3186 731 3268 Augustinus
763 3184 966 3249 LXXXIII
1006 3186 1233 3268 questionum
1265 3205 1349 3269 que¹

355 3289 473 3352 stione
488 3289 589 3353 LVII
605 3291 702 3353 illum
718 3311 901 3355 numerum
917 3290 1055 3354 seriose
1070 3301 1209 3369 notans,
1232 3289 1348 3373 primo

355 3405 509 3476 quatuor
541 3396 672 3480 gradus
704 3404 816 3460 status
849 3395 1018 3472 ecclesie;
1055 3396 1170 3478 primo
1202 3394 1296 3458 enim
1330 3415 1350 3457 a

355 3499 580 3580 quaternario
610 3501 761 3563 resultat
792 3498 955 3562 denarius
988 3501 1054 3562 sub
1088 3519 1159 3582 quo
1197 3498 1350 3562 ecclesia

355 3622 438 3685 ymo
461 3613 537 3668 tota
555 3605 768 3668 universitas
785 3604 996 3669 continetur.
1019 3603 1118 3667 Dicit
1141 3603 1232 3668 enim
1248 3604 1348 3686 Apo·
1361 3611 1394 3661 30

355 3709 469 3772 stolus
490 3709 494 3793 l
514 3710 626 3791 prima
649 3709 727 3773 Cor.
743 3709 809 3786 XI,
833 3730 852 3789 3
878 3710 976 3792 quod
999 3710 1157 3774 mulieris
1178 3713 1282 3790 caput
1301 3712 1350 3772 est
1382 3717 1438 3781 ¹99⁸

353 3814 418 3894 vir,
433 3816 494 3877 sed
506 3815 576 3877 ciri
590 3819 693 3896 capnt
716 3818 764 3878 est
781 3811 946 3891 Christus,
966 3818 1070 3896 capnt
1085 3817 1202 3878 antem
1219 3810 1349 3878 Christi

354 3922 402 3982 est
424 3918 527 3995 Dens,
558 3919 594 3982 in
626 3938 699 4000 quo
730 3918 846 4001 gradu
879 3918 1104 4001 quadruplici
1125 3925 1226 4001 patet
1249 3916 1349 3999 quod

408 4139 446 4184 25.
461 4141 503 4184 AB
518 4142 540 4184 in
557 4152 643 4196 marga
659 4140 737 4184 Pisces
752 4144 799 4195 153
812 4141 870 4196 quid
882 4142 987 4198 signant.

409 4268 431 4318 5.
445 4268 508 4335 Cep.
521 4267 550 4318 11.
617 4282 657 4320 20.
671 4269 741 4334 Opp.
753 4279 818 4318 tom.
832 4269 864 4333 V,
878 4271 946 4333 App.
959 4283 984 4332 p.
1002 4268 1045 4317 131
1051 4267 1104 4327 iia.
1172 4263 1348 4329 26.t0m.v1,

354 4369 378 4418 p.
399 4354 430 4404 25
451 4355 489 4405 De
507 4365 613 4406 centum
632 4356 822 4421 quinquagima
840 4355 923 4405 tribus
943 4353 1070 4419 plscibus.
