3008 5026
732 411 902 462 sonamus
920 409 1060 462 wvcmr
1240 392 1323 473 [car.
1337 403 1389 449 vn.

404 565 489 630 dicit
504 566 742 648 Bemhardus,
766 566 863 649 quod
881 567 1077 649 pascendas
1095 584 1164 629 non
1181 568 1393 648 premendas

402 671 564 753 suscepit
600 670 783 754 Eugenius
826 689 915 735 oves
954 668 1096 741 christu
1148 671 1259 733 debet
1301 669 1393 732 enim

402 794 564 859 pugnare
596 786 773 859 tamquam
805 773 997 858 spiritualis
1030 773 1131 837 miles
1164 794 1244 836 cum
1275 773 1394 854 gladio

402 880 559 963 spiritus,
582 881 626 943 ad
642 879 860 964 spiritualem
874 879 945 942 Dei
963 878 1121 942 iniuriam
1139 877 1394 942 vindicandam.

402 984 476 1050 Sed
507 995 698 1068 postquam
730 985 843 1049 mixta
875 993 931 1047 est
964 1004 1043 1047 cum
1073 983 1248 1068 religione
1282 990 1416 1045 sacer-5

403 1089 526 1152 dotum
542 1088 702 1170 civilitas,
725 1088 900 1172 surrepsit
915 1088 950 1150 in
968 1089 1062 1152 clero
1082 1087 1258 1171 superbia,
1281 1085 1394 1150 civilis

404 1193 550 1257 exaccio
568 1202 605 1256 et
619 1202 883 1258 monstruosum
900 1191 1102 1265 dominium,
1125 1192 1175 1256 ita
1191 1192 1290 1274 quod
1310 1190 1395 1253 illud

402 1298 535 1361 Psalmi
557 1297 615 1361 IX
648 1300 694 1362 de
725 1298 948 1362 Antichristo
981 1296 1160 1380 loquentis
1192 1295 1396 1359 verificatur

402 1402 524 1465 hodie:
562 1404 656 1468 Dum
683 1405 835 1485 superbit
861 1405 1001 1485 impiuS,
1029 1403 1221 1466 incenditur
1247 1419 1395 1483 pauper.

185 1518 236 1563 The
249 1518 292 1574 gin
305 1519 331 1562 ot
342 1520 381 1562 the
448 1506 494 1568 Et
517 1516 685 1589 quantum
709 1508 754 1570 ad
776 1507 860 1570 illud
884 1516 1018 1571 tactum
1039 1507 1083 1569 de
1101 1504 1259 1569 clavibus
1276 1505 1394 1587 singu·
1407 1528 1435 1564 ιο

212 1571 367 1667 k‘iiri'iisw
403 1610 522 1674 lariter
538 1610 628 1675 datis
643 1610 765 1689 Petro,
789 1621 828 1675 ut
851 1611 1068 1686 dictumest,
1092 1609 1177 1673 nulli
1191 1609 1289 1672 fideli
1312 1608 1395 1672 licet

211 1675 368 1772 ilibilfi‘ii
404 1715 595 1798 ambigere,
620 1715 705 1797 quin
728 1715 859 1778 Petrus
887 1724 1065 1796 tamquam
1088 1713 1265 1797 generalis
1289 1722 1393 1778 attor-

403 1829 507 1883 natus
538 1821 689 1904 gerebat
727 1839 917 1902 personam
957 1818 1119 1899 ecclesie,
1156 1817 1217 1881 ubi
1253 1817 1396 1901 recepit

403 1931 623 2006 potestatem
645 1944 717 1987 non
734 1923 960 2007 singulariter
975 1942 1043 2007 pro
1060 1942 1100 1985 se
1116 1932 1153 1986 et
1169 1941 1394 2005 quocumque

402 2029 568 2092 Romano
600 2028 771 2112 pontifice
803 2028 869 2091 sed
899 2026 1114 2110 generaliter
1142 2036 1180 2090 et
1202 2025 1433 2109 superemi-rt

403 2142 531 2196 nenter
560 2153 626 2216 pro
660 2151 886 2214 quocumque
929 2131 1120 2195 sacerdote
1158 2129 1304 2194 similius
1341 2150 1394 2193 se·

403 2235 537 2319 quenti,
570 2237 626 2300 cui
650 2246 707 2300 est
729 2235 943 2318 quicumque
966 2237 1068 2299 locus
1091 2236 1150 2298 vel
1173 2233 1310 2298 eleccio
1334 2236 1394 2297 hu·

403 2360 503 2405 mana
523 2338 766 2423 impertinens,
790 2339 871 2422 quia
894 2338 1044 2403 donacio
1064 2339 1209 2403 istarum
1227 2337 1393 2424 claviuml

404 2454 461 2508 est
487 2443 644 2507 divinum
671 2442 875 2506 misterium.
914 2441 1006 2508 Sunt
1034 2442 1126 2506 enim
1154 2441 1250 2507 dicte
1274 2445 1395 2507 claves
1425 2446 1477 2518 ¹95⁴

403 2557 562 2632 potestas
596 2556 634 2611 et
665 2546 820 2613 sciencia
852 2547 896 2608 ad
929 2546 1163 2609 edificandum
1196 2546 1436 2621 ecclesiam‚20

404 2674 473 2736 que
497 2653 680 2736 signanter
704 2653 839 2714 debent
863 2671 944 2714 esse
965 2650 1001 2714 in
1018 2651 1179 2734 quolibet
1194 2653 1394 2732 sacerdote,

201 2771 255 2814 aaut
272 2771 322 2814 lad
337 2771 376 2814 the
404 2768 442 2822 et
464 2761 516 2839 (ut
540 2758 661 2838 credo)
694 2763 797 2820 erant
822 2756 858 2819 in
881 2757 993 2820 Paulo
1021 2755 1261 2819 excellencius
1289 2777 1394 2840 quam

187 2823 411 2918 keysgknowledgc,
754 2861 761 2875 .
823 2861 830 2875 .
898 2861 905 2874 .
1016 2860 1024 2874 .
1174 2861 1181 2875 .
1315 2861 1323 2876 .

213 2887 241 2918 vn
273 2877 362 2930 cover)
402 2883 438 2927 in
453 2862 572 2926 Petro
596 2862 683 2925 Cum
707 2881 799 2924 emm
822 2882 967 2944 rmprum
989 2861 1131 2925 videtur
1154 2880 1230 2924 sme
1253 2881 1394 2926 racrone

217 2940 272 3022 llil
288 2930 361 3023 iiiiii
402 2986 538 3049 ponere
570 2967 607 3029 in
637 2966 747 3029 Petro
780 2966 896 3030 ocium
936 2974 973 3029 et
1009 2965 1200 3049 potestatis
1237 2967 1395 3046 abusum,

403 3071 535 3133 Paulus
557 3079 674 3133 autem
691 3090 738 3132 ex
753 3070 824 3132 fide
841 3069 1018 3153 scripture
1034 3069 1148 3153 prima
1164 3069 1240 3134 Cor.
1255 3069 1341 3152 XV,
1356 3090 1394 3135 ιο
1404 3078 1433 3129 25

397 3177 481 3257 plus
521 3177 679 3240 omnibus
723 3173 901 3258 laboravit,
951 3175 1093 3239 videtur
1134 3178 1232 3258 quod
1272 3176 1395 3240 habuit

404 3280 552 3364 amplius
575 3279 780 3363 potestatis;
812 3280 996 3361 laboravit,
1027 3281 1178 3363 inquam,
1211 3281 1393 3365 evangeli·

402 3387 525 3463 zando,
557 3385 747 3449 scribendo
781 3395 818 3448 et
851 3384 1129 3468 persecuciones
1163 3385 1312 3468 amplius
1335 3406 1392 3470 pa·

403 3488 542 3570 ciendo,
567 3498 604 3553 et
628 3489 737 3553 clavis
760 3489 952 3572 potestatis
976 3489 1159 3572 regiminis
1182 3511 1288 3573 quam
1311 3490 1392 3555 dici·

403 3613 480 3657 mus
508 3594 756 3657 auctoritatem
789 3594 1015 3676 singulariter
1046 3593 1156 3658 Petro
1185 3600 1433 3677 competereso

402 3717 475 3760 non
498 3697 671 3765 fundatur.
693 3698 861 3762 Potestas
885 3699 978 3762 enim
1001 3700 1047 3762 ad
1065 3699 1263 3780 regendum
1280 3700 1392 3762 eccle·

455 3945 476 3991 7.
492 3936 514 3979 Α
529 3935 551 3979 ἰη
568 3947 654 3991 marga
673 3935 710 3979 Ar
722 3940 750 3988 2,-
774 3935 790 3978 B
810 3936 833 3980 in
853 3947 940 3992 marg:
959 3936 997 3980 Ad
1012 3938 1137 3981 secundum
1155 3938 1300 3983 insecundo
1318 3950 1392 3996 argu·

402 4009 483 4048 merito.
541 4016 573 4048 ro.
596 4007 617 4049 A
639 4006 661 4048 in
684 4018 770 4060 marga
793 4005 830 4049 Ad
847 4008 862 4047 t
881 4007 904 4049 ir
923 4005 1025 4050 secundo
1043 4013 1193 4063 argumento.
1253 4020 1285 4064 ¹9·
1306 4009 1348 4053 AB
1368 4008 1392 4052 in

403 4086 489 4128 marg:
512 4073 594 4118 claves
611 4080 716 4130 potestas
736 4079 759 4119 et
778 4077 880 4120 sciencia
901 4077 934 4120 ad
953 4076 1109 4132 edificandum
1127 4078 1264 4130 ecclesianis,¹
1284 4079 1315 4123 ib.
1331 4080 1354 4123 Α
1367 4078 1391 4122 in

403 4154 491 4197 marga
507 4142 588 4187 Claver
602 4144 684 4188 Petrus
701 4146 788 4201 recepit
805 4158 851 4189 non
864 4146 1021 4203 singulariter
1036 4159 1082 4202 pro
1095 4160 1121 4190 re
1133 4147 1176 4191 red
1187 4148 1335 4205 generaliter
1346 4160 1392 4212 pro

402 4213 506 4257 ecclesia.
562 4212 599 4257 25.
616 4215 656 4258 AB
671 4215 693 4259 in
709 4227 795 4270 marg.:
812 4215 898 4258 Paulus
912 4216 994 4259 habuit
1008 4217 1107 4271 amplius
1117 4219 1252 4273 potestatis.

460 4354 481 4391 ι.
499 4339 548 4388 Ubi
567 4355 654 4405 supra.
724 4357 748 4408 9.
767 4341 836 4391 Psal.
855 4341 877 4390 X
897 4343 960 4404 (sec.
979 4342 1069 4406 Hebr.)
1090 4357 1112 4394 2.
