3008 5026
204 379 271 424 cur.
284 364 334 452 u]
498 386 543 436 nn
562 384 773 435 Po'ms'mrs
794 385 894 434 rans.

202 550 352 626 propter
374 541 502 604 fastum
532 551 589 605 aut
613 549 778 624 questum
801 541 965 605 subditos
990 541 1190 606 infundabi·

201 648 285 711 liter
306 647 340 710 in
365 647 573 710 servitutem
597 646 770 730 redigere.

245 752 350 816 Unde
379 754 479 816 soleo
508 752 627 815 dicere
654 751 861 835 frequenter
883 751 919 814 in
941 751 1009 814 ista
1036 752 1191 831 materia,
1232 762 1378 859 Mischicfdof

202 859 300 940 quod
325 857 407 920 talia
429 866 581 940 possunt
602 859 697 919 bene
719 857 806 935 fieri,
838 857 901 919 sed
924 856 954 920 si
977 858 1071 920 bene
1093 858 1190 934 liunt,
1232 827 1373 921 aiiiiiiion,

104 980 173 1035 238⁶
201 962 343 1045 trepido
365 963 369 1041 Ι
389 962 449 1025 vel
481 981 553 1025 non
586 961 676 1026 dice.
720 962 767 1024 Et
798 962 939 1044 quando
972 962 1131 1045 queritur
1162 963 1192 1026 si

202 1074 348 1150 oportet
370 1067 422 1130 sic
438 1066 525 1143 fieri,
550 1068 682 1149 detego
698 1067 880 1131 libertates
901 1067 1062 1133 ecclesie.
1088 1068 1191 1131 Unde

203 1171 352 1234 credunt
374 1171 474 1234 multi
498 1170 593 1255 quod
616 1179 844 1235 reservantes
873 1172 1120 1234 absoluciones
1146 1176 1190 1236 ab

202 1275 549 1353 excomunicacione‚
574 1277 617 1339 ab
641 1275 709 1339 alio
732 1275 875 1339 crimine
891 1275 948 1338 vel
966 1275 1191 1339 aliacensura

200 1381 367 1463 imposita
405 1381 512 1445 stulte
558 1400 647 1463 sepe
685 1380 877 1463 imponitur
915 1382 959 1443 ad
997 1400 1190 1462 gravamen

161 1484 364 1561 roecclesie
397 1494 436 1548 ut
468 1485 552 1547 licet
583 1487 690 1548 homo
718 1485 834 1566 possit
860 1484 1039 1548 meritorie
1062 1495 1189 1566 petere

200 1590 397 1654 Romanam
422 1589 562 1666 curiam,
587 1598 624 1652 et
646 1590 725 1652 talis
742 1589 922 1653 ordinacio
942 1610 1008 1671 per
1024 1590 1190 1654 accidens

200 1695 315 1776 prosit
338 1694 467 1772 multis
491 1693 624 1758 faciens
649 1714 712 1757 eos
735 1693 878 1757 timidos
898 1696 942 1757 ad
957 1695 1189 1777 peccandum,

200 1808 446 1862 verumtamen
457 1798 677 1863 communius
693 1799 786 1881 sapit
799 1807 988 1881 peccatum
1002 1799 1038 1862 in
1050 1800 1188 1881 prelato

201 1912 237 1966 et
268 1903 540 1967 sollicitudinem
572 1903 930 1985 pretemecessariam
962 1902 998 1965 in
1036 1903 1189 1968 subdito.

159 2007 260 2076 asic
284 2009 380 2091 quod
403 2008 529 2072 melius
552 2008 647 2071 foret
669 2007 788 2072 multis
817 2008 913 2071 domi
939 2008 1188 2071 satisfaciendo

200 2113 346 2191 conteri,
370 2120 407 2175 et
429 2113 642 2195 quicumque
668 2112 799 2176 dixerit
821 2115 1014 2195 quodcum
1032 2115 1189 2176 hocnon

198 2226 321 2300 potest
358 2217 486 2280 salvari
524 2224 675 2299 propter
713 2217 958 2279 obedienciam
991 2216 1188 2280 faciendam

197 2321 416 2385 ordinacioni
430 2320 613 2404 prepositi,
637 2322 803 2404 negando
818 2321 1018 2384 libertatem
1035 2322 1188 2385 ecclesie

198 2426 456 2512 transgreditur
489 2427 606 2508 legem
637 2425 716 2489 Dei.
763 2425 804 2487 In
836 2425 930 2488 votis
969 2424 1109 2508 quidem
1151 2434 1188 2489 et
1215 2433 1290 2476 which
1305 2435 1325 2477 ³⁵
1341 2443 1380 2492 ³⁰¹

156 2529 484 2613 zoobligacionibus
508 2532 617 2594 stulte
649 2530 753 2593 factis
786 2538 931 2612 oportet
954 2530 1117 2612 penitere
1141 2532 1185 2594 de
1209 2486 1311 2593 pyrpgcp
1321 2489 1381 2581 eiiii

198 2635 351 2699 stulticia
365 2644 402 2698 et
416 2633 578 2719 spiritum
589 2635 726 2699 consilii
741 2634 910 2717 flagitare.
928 2634 1034 2698 Unde
1045 2635 1186 2698 videtur
1245 2590 1350 2633 ΝΜ

196 2741 263 2804 illis
296 2741 394 2822 quod
416 2761 488 2803 non
522 2749 577 2802 est
609 2742 708 2803 color
742 2740 953 2803 concludere
986 2741 1083 2822 quod
1115 2743 1185 2803 tale

198 2846 380 2909 decretum
421 2844 629 2908 reservandi
667 2852 723 2907 est
759 2844 902 2926 licitum,
944 2844 974 2909 si
1015 2845 1185 2909 subiectis

197 2950 359 3014 timorem
376 2949 501 3012 incutit
517 2950 561 3012 ad
577 2951 810 3032 peccandum;
829 2969 932 3011 omne
950 2949 1041 3012 enim
1058 2951 1184 3014 malum

154 3067 263 3138 25per
300 3054 467 3118 accidens
505 3054 590 3118 facit
626 3056 770 3132 bonum,
809 3055 902 3116 unde
935 3053 1039 3116 timor
1071 3055 1185 3118 filialis

198 3163 308 3225 debet
333 3161 445 3225 incuti
471 3181 538 3243 per
561 3167 717 3221 sanctam
739 3157 1025 3241 predicacionem
1048 3160 1184 3241 prelati,

197 3275 233 3331 et
270 3286 341 3329 non
379 3267 484 3329 timor
521 3264 659 3327 servilis
698 3262 818 3326 iudicii
855 3284 922 3346 per
954 3263 1183 3327 exaccionem

194 3371 324 3456 prelati
357 3370 501 3433 cesarei.
546 3369 592 3432 Et
624 3369 675 3431 sic
709 3368 849 3431 videtur
872 3368 986 3446 michi,
1019 3370 1117 3450 quod
1148 3369 1183 3432 in

196 3496 421 3559 quocumque
446 3495 530 3539 casu
554 3474 763 3537 christianus
791 3493 863 3535 non
886 3474 995 3536 debet
1019 3472 1182 3555 accipere

152 3593 185 3643 30
196 3582 291 3645 dicta
313 3588 531 3643 sacramenta
554 3599 573 3641 a
595 3580 710 3662 lay00‚
735 3598 813 3641 cum
836 3578 905 3640 hoc
929 3577 1024 3641 foret
1049 3578 1182 3642 christi·

196 3684 365 3749 anismum
388 3683 565 3748 serviliter
592 3682 800 3746 altrinsecus
823 3701 980 3747 onerare.
1017 3682 1183 3765 Dignitas

195 3798 311 3852 autem
328 3795 627 3850 sacramentorum
641 3787 825 3871 pensanda
842 3786 1006 3850 consistit
1020 3786 1057 3849 in
1073 3787 1182 3870 digni·

193 3903 267 3959 tate
290 3893 352 3971 rei,
377 3893 586 3957 sacramenti
610 3901 647 3956 et
669 3912 734 3956 sua
757 3891 923 3955 efficacia.

248 4217 277 4248 ιι.
293 4203 370 4248 cedda
385 4204 408 4246 in
424 4216 511 4260 marg:
533 4202 627 4247 Romam
646 4204 714 4246 adire
730 4215 775 4258 pro
792 4207 896 4256 peccato.
952 4207 986 4246 ιδ,
1001 4203 1081 4246 Recte:
1102 4213 1123 4246 er
1142 4216 1181 4246 ne·

191 4274 279 4331 gando.
336 4286 366 4326 ro,
384 4273 461 4317 Codd.
476 4273 499 4317 in
516 4285 603 4327 marga
622 4271 702 4316 Votum
720 4272 788 4315 stulte
794 4271 889 4328 factum
908 4272 999 4316 deletur
1015 4285 1059 4326 per
1075 4272 1179 4328 reniten-

192 4344 258 4386 cr'nm.
314 4354 350 4396 27.
367 4340 455 4386 Codd.:
470 4342 550 4386 r'udr'cr'.
