3008 5026
655 377 826 429 sensurus
845 376 986 428 wreus
1160 353 1245 443 [cm.
1264 370 1317 416 χιι.

324 533 482 598 debitum
505 535 700 598 secundum
722 534 903 598 racionem
925 532 1048 596 falsam
1064 540 1101 596 et
1115 531 1317 596 simulatam

324 649 423 703 caret
446 640 566 703 colore
589 639 776 724 discipline
799 638 968 703 veritatis.

367 743 467 823 Item,
501 743 578 809 talis
611 744 820 828 prepositus
851 752 980 827 posset
1011 743 1056 806 ad
1092 749 1231 806 tantum
1261 740 1316 803 in·

324 847 467 932 disponi
495 847 531 912 in
553 848 722 932 moribus,
755 849 852 932 quod
873 848 1042 911 redderet
1065 865 1104 911 se
1128 845 1318 928 indignum

324 952 538 1035 stipendium
570 954 640 1017 tale
671 953 842 1038 recipere.
873 952 939 1016 Est
960 951 1069 1036 igitur
1091 952 1175 1014 dare
1198 951 1344 1013 latim-5

324 1056 441 1120 dinem
472 1056 761 1141 indisposicionis
794 1067 829 1121 et
857 1058 1005 1141 gradum
1028 1055 1319 1121 remississimum

325 1160 518 1246 dignitatis,
561 1165 628 1225 sub
671 1162 801 1246 quibus
838 1161 984 1245 indigne
1024 1161 1206 1245 reciperet
1244 1161 1319 1223 tale

325 1266 548 1350 stipendium.

369 1372 444 1437 Sed
476 1374 649 1455 probatur
680 1374 776 1455 quod
805 1371 955 1455 quilibet
978 1373 1109 1457 gradus
1136 1369 1217 1435 talis
1240 1370 1319 1433 lati-

325 1475 457 1539 tudinis
481 1476 714 1559 consequitur
735 1478 781 1540 ad
804 1477 981 1541 notorium
1005 1475 1184 1540 defectum
1205 1473 1367 1538 officii10

325 1581 488 1664 prelacie.
527 1581 616 1644 Nam
645 1601 748 1645 omne
771 1590 957 1665 peccatum
988 1583 1135 1645 mortale
1157 1580 1245 1643 facit
1266 1578 1320 1642 in·

326 1685 472 1769 dignum
506 1687 626 1769 quoad
654 1685 781 1765 Deum,
813 1695 853 1749 ut
882 1685 939 1749 hic
972 1685 1193 1769 supponitur.
1242 1682 1322 1748 Sed

326 1793 431 1855 datus
454 1791 661 1875 prepositus
685 1801 740 1855 est
762 1790 899 1855 notorie
922 1791 958 1854 in
979 1791 1128 1869 mortali,
1152 1808 1241 1873 ergo
1260 1800 1321 1852 est

326 1897 467 1960 notorie
490 1897 657 1980 indignus
681 1897 800 1980 quoad
815 1896 933 1959 Deum
950 1905 988 1959 et
1002 1916 1069 1979 per
1085 1915 1321 1979 consequens

327 2003 421 2084 apud
444 2001 641 2084 quemlibet
672 2001 792 2083 quiin
824 2000 965 2064 nomine
990 1999 1135 2063 Domini
1157 2001 1230 2064 tale
1255 2001 1320 2063 de·
1337 2004 1367 2055 15

325 2105 438 2168 bitum
462 2105 530 2169 sibi
554 2107 665 2172 daret.
688 2104 803 2168 Nemo
828 2103 919 2168 enim
947 2104 1039 2168 iuste
1064 2105 1125 2167 dat
1146 2104 1322 2181 debitum,

326 2208 393 2272 nisi
415 2210 512 2293 quod
536 2212 598 2273 dat
619 2209 655 2272 in
677 2208 819 2272 nomine
839 2207 910 2272 Dei
933 2207 1088 2275 debenti
1111 2207 1198 2271 Cum
1213 2207 1322 2271 Deus

327 2315 521 2377 secundum
545 2313 785 2398 Augustinum
809 2312 972 2396 graciose
997 2313 1103 2375 donat
1127 2331 1233 2375 omne
1258 2312 1322 2374 de·

326 2417 449 2501 bitum,
489 2428 524 2481 et
557 2416 702 2481 cuilibet
735 2426 895 2480 creature
927 2415 1187 2499 quodammodo
1226 2414 1321 2478 obli-

327 2531 440 2603 gatur.
465 2521 505 2586 Si
528 2520 619 2584 enim
644 2522 840 2584 conductus
864 2520 1092 2584 aministerio
1110 2518 1254 2582 omnino
1278 2539 1369 2582 sero

327 2625 511 2704 subtrahit,
544 2627 737 2689 secundum
770 2625 880 2688 iustas
911 2627 1013 2708 leges
1044 2626 1212 2687 humanas
1238 2625 1322 2687 sub·

326 2730 417 2794 trahi
449 2732 560 2794 debet
581 2729 808 2813 stipendium,
841 2731 951 2793 multo
984 2729 1098 2811 magis
1121 2729 1324 2792 secundum

326 2836 445 2918 legem
467 2835 538 2899 Dei
568 2834 803 2912 iustissimam,
836 2834 872 2896 in
896 2834 1018 2897 debito
1047 2833 1158 2918 magis
1182 2833 1322 2899 strict0.

327 2939 374 3003 Et
388 2939 474 3002 illud
490 2940 632 3003 videtur
639 2940 858 3022 Apostolum
871 2939 1003 3002 sentire
1014 2938 1058 3004 11.
1068 2939 1167 3004 Tess.
1178 2936 1244 3016 III,
1261 2959 1323 3002 10:

333 3043 399 3125 Qui
421 3063 488 3108 non
511 3046 655 3124 laborat,
678 3043 803 3126 inquit,
829 3062 896 3107 non
918 3045 1108 3107 manducet.
1335 3049 1369 3100 25

119 3159 143 3201 ¹¹¹
159 3158 245 3214 ruins
259 3159 317 3202 such
372 3147 472 3226 Item,
483 3167 587 3211 nemo
601 3155 745 3211 tenetur
760 3147 887 3210 fovere
902 3146 1059 3210 discolos
1077 3154 1114 3210 et
1124 3144 1324 3228 discipulos

138 3223 278 3334 suiveeoitiiq
325 3252 546 3330 Antichristi,
570 3252 634 3315 sed
650 3252 701 3315 sic
722 3251 860 3315 faceret
883 3249 1096 3334 quicumque
1119 3249 1324 3313 voluntarie

137 3315 291 3421 iiiiii?
328 3357 540 3420 ministraret
573 3358 703 3420 talibus
737 3359 826 3421 ultra
857 3356 931 3420 vite
963 3354 1173 3432 necessaria,
1209 3353 1325 3436 igitur

327 3463 396 3525 hoc
420 3482 491 3524 non
516 3463 633 3526 debet
677 3462 779 3525 Deus
812 3461 902 3525 enim
937 3480 1009 3523 non
1040 3460 1144 3522 fovet
1165 3460 1257 3522 tales
1281 3468 1326 3523 ut

328 3568 429 3645 tales,
462 3567 526 3629 sed
558 3565 731 3649 permittit
764 3586 826 3629 eos
858 3565 975 3629 foveri
1003 3574 1040 3628 et
1062 3571 1238 3627 sustentat
1261 3574 1372 3627 na-30

329 3679 451 3735 turam.

132 3767 299 3864 E{fi,⁰,2⁸,m}¹,¹¹,¹‘
373 3776 419 3839 Et
441 3785 542 3859 patet
565 3776 661 3859 quod
678 3775 892 3858 quicumque
910 3773 1032 3837 condit
1046 3775 1165 3856 legem
1180 3774 1242 3835 vel
1260 3773 1326 3837 dat

125 3874 307 3981 “fffly‘ssffl
330 3881 528 3944 mandatum
553 3883 619 3944 sub
643 3900 737 3962 pena
769 3878 1150 3943 excommunicacionis
1181 3877 1227 3940 ad
1260 3899 1324 3941 nu·

138 3978 298 4034 ‘imiimi-
330 3985 505 4049 triendum
538 3987 639 4064 taleS,
671 3985 750 4068 ipse
775 3994 831 4048 est
854 3993 956 4068 pater
980 4004 1101 4048 eorum
1129 3991 1166 4045 et
1188 3982 1323 4069 preci-l

330 4111 422 4173 puus
433 4090 683 4155 Antichristus.
699 4090 880 4153 Modicum
896 4089 1016 4172 itaque
1032 4088 1143 4151 debet
1159 4085 1325 4150 christia·
1359 4095 1423 4162 248⁴

385 4343 416 4386 17.
434 4331 522 4376 codd:
538 4332 648 4376 debentis.
704 4332 741 4386 3⁴·
756 4331 794 4376 35.
810 4333 838 4375 B:
854 4336 879 4375 ut
888 4332 1024 4386 precipuus.
