3008 5026
698 431 868 482 romulus
887 431 1029 482 wreus
1233 413 1315 502 [cun.
1329 425 1358 473 11.

371 590 476 652 talem
501 598 618 652 autem
641 589 808 652 virtutem
829 589 1030 652 habuerunt
1053 589 1225 671 patrosin
1241 590 1358 672 primi·

370 693 445 757 tiva
468 693 619 756 ecclesia
633 694 715 776 plus
730 693 789 755 vel
804 693 927 757 minus.
952 691 1026 758 Sed
1046 713 1119 756 non
1135 693 1360 758 ascribebant

372 797 441 862 sibi
462 798 614 862 virtutes
637 796 705 860 nisi
726 807 766 861 ut
789 797 933 879 organis
957 818 1005 861 ex
1027 797 1223 862 humilitate
1246 799 1359 881 magis

373 901 572 986 capacibus.

168 1012 353 1111 {gfissffiif'
416 1007 455 1070 In
481 1007 638 1070 secundo
662 1026 750 1070 vero
779 1007 893 1089 gradu
917 1007 1074 1070 secunde
1098 1009 1280 1090 yerarchie
1305 1018 1385 1072 ests

373 1112 492 1197 gracia
516 1111 661 1175 curandi
691 1111 923 1193 corporaliter
944 1111 1111 1194 infirmos,
1145 1121 1181 1175 et
1208 1112 1260 1176 sic
1289 1113 1360 1176 duo

373 1238 499 1283 sensus
524 1216 685 1296 extremi,
709 1215 846 1279 scilicet
860 1216 959 1279 visus
984 1226 1021 1280 et
1034 1224 1161 1297 tactus,
1183 1217 1219 1280 in
1236 1217 1360 1281 ordine

373 1324 418 1388 ad
433 1323 579 1386 animam
598 1331 698 1385 erant
713 1320 815 1404 pasti.
838 1321 940 1385 Unus
956 1331 1072 1385 autem
1093 1341 1219 1386 sensus
1243 1324 1362 1405 quoad

374 1427 533 1491 ordinem
557 1426 739 1509 dignitatis
763 1435 800 1489 et
815 1425 1117 1509 propinquitatem
1133 1428 1179 1490 ad
1198 1426 1361 1510 spiritum

375 1542 430 1596 est
451 1530 560 1614 prior,
584 1531 649 1595 sed
664 1530 753 1594 alius
769 1549 897 1594 sensus
913 1549 1059 1612 genere,
1075 1532 1308 1614 generalitate
1325 1541 1362 1595 et
1375 1552 1406 1585 10

375 1636 487 1699 carnis
510 1634 776 1718 propinquitate
800 1633 1021 1716 preponitur.

156 1745 179 1793 ³·
194 1744 258 1792 wuo
273 1747 310 1790 na
326 1747 365 1791 ns
418 1738 492 1805 Sed
514 1739 581 1802 alie
605 1739 674 1802 due
696 1740 831 1801 habent
845 1737 1015 1801 virtutem
1036 1738 1232 1821 opitulandi
1256 1759 1361 1824 egen-

227 1810 294 1854 Μ’
374 1844 480 1927 tibus,
503 1843 673 1926 pascendi
696 1842 832 1905 medios
854 1851 1000 1905 cunctos
1017 1861 1161 1921 sensus3
1187 1853 1223 1907 et
1237 1845 1307 1907 hoc
1321 1845 1362 1908 fit

373 1948 537 2012 firmitate
559 1947 654 2021 fidei,
679 1966 748 2029 qua
771 1945 920 2025 auditur,
949 1948 1116 2009 adoratur
1140 1956 1177 2011 et
1199 1957 1364 2030 gustatur

374 2053 535 2117 Christus
558 2052 594 2115 in
617 2051 793 2115 membris.
820 2052 1022 2133 Apostolus
1049 2050 1141 2114 enim
1165 2053 1362 2134 corporalis
1377 2059 1406 2109 15

375 2160 582 2240 elemosyne
605 2154 721 2239 pascit
738 2164 811 2219 tres
835 2175 962 2218 sensus
978 2155 1115 2219 medios
1137 2175 1208 2238 quo
1225 2156 1365 2220 auditur

374 2282 449 2325 vox
476 2260 607 2325 Christi
634 2260 755 2324 Matth.
783 2259 906 2340 XXV,
936 2279 992 2338 40:
1021 2257 1197 2334 Quamdiu
1229 2263 1291 2324 uni
1322 2265 1364 2325 de

374 2368 532 2430 minimis
569 2367 656 2429 meis
683 2364 831 2446 fecistis,
865 2365 953 2427 mihi
981 2364 1128 2444 fecistis
1167 2370 1246 2428 tunc
1270 2368 1362 2430 enim

377 2470 504 2538 Christi
534 2471 641 2533 bonus
672 2471 758 2532 odor
788 2487 910 2532 sumus
932 2466 1015 2545 Deo,
1048 2467 1078 2530 si
1101 2476 1285 2551 gustamus
1310 2470 1362 2532 in·

375 2585 510 2639 ternam
534 2573 664 2638 Christi
687 2573 919 2636 dulcedinem.
1375 2594 1407 2627 20

222 2682 297 2726 rnna
420 2677 493 2743 Sed
516 2679 633 2761 quoad
656 2677 801 2741 terciam
825 2676 1053 2759 yerarchiam,
1078 2696 1149 2758 qua
1167 2678 1324 2759 populus
1344 2699 1364 2740 a

198 2735 329 2779 hierarchv.

180 2782 348 2882 palazolo
375 2783 570 2868 prepositis
585 2783 777 2865 regulatur,
787 2782 888 2845 Deus
900 2781 999 2844 dedit
1009 2780 1220 2863 quibusdam
1232 2783 1362 2863 guber-

170 2903 186 2934 1·
198 2890 360 2998 gggfflffm
375 2889 544 2953 naciones
576 2888 668 2951 sicut
697 2886 894 2970 prepositis
918 2885 1102 2968 utriusque
1126 2888 1362 2949 membrorum

183 3001 341 3091 {·Jggssg¹h2⁸i·r
377 2994 538 3075 ecclesie,
572 2995 615 3056 ad
648 2994 744 3075 quod
775 2991 964 3074 requiritur
988 2990 1161 3054 discrecio
1190 2991 1362 3053 donorum

168 3099 352 3155 ¹⁰¹⁶¹Pf⁸¹²¹¹⁰¹¹·
376 3098 607 3182 spiritualium
631 3108 667 3161 et
690 3117 756 3180 per
772 3115 997 3179 consequens
1017 3096 1204 3179 spirituum
1219 3115 1360 3159 moven·
1374 3101 1405 3151 25

376 3204 466 3266 cium
499 3203 543 3265 ad
574 3203 661 3265 illud
693 3201 857 3282 officium,
889 3201 1068 3282 ponend0,
1091 3198 1095 3286 i
1116 3200 1295 3264 servando
1327 3210 1363 3264 et
1393 3202 1455 3268 ¹70⁸

374 3307 601 3389 protegendo
636 3306 831 3389 quemlibet
861 3305 898 3368 in
929 3305 990 3367 illo
1021 3306 1142 3387 gradu,
1178 3305 1222 3367 ad
1255 3325 1361 3387 quem

373 3412 474 3475 Deus
495 3431 561 3494 per
585 3412 678 3474 dona
700 3429 764 3473 sua
786 3409 979 3493 disposuit3
1004 3410 1071 3472 hoc
1095 3408 1187 3472 enim
1210 3408 1361 3472 maxime

373 3515 534 3598 pertinet
556 3516 600 3579 ad
623 3515 777 3578 officium
800 3514 1024 3596 prelatorum.
1063 3514 1110 3576 Et
1142 3512 1224 3595 quia
1253 3514 1360 3575 homo

375 3629 430 3684 est
462 3620 664 3684 naturaliter
700 3619 826 3682 animal
859 3617 1186 3682 communicativum
1222 3616 1258 3679 in
1290 3635 1360 3679 ser·
1373 3625 1404 3676 30

373 3724 537 3788 monibus
571 3733 607 3788 et
640 3723 754 3804 civile,
786 3722 869 3786 ideo
902 3732 1047 3806 oportet
1079 3724 1238 3785 secundo
1264 3722 1361 3804 quod

373 3828 452 3894 talis
467 3829 694 3914 prepositure
705 3837 846 3893 curatus
860 3831 991 3892 habeat
1005 3847 1138 3911 genera
1152 3827 1360 3909 linguarum,

429 4105 461 4149 18.
478 4105 506 4148 B:
521 4108 576 4147 tunc
589 4103 665 4158 deest,
687 4104 728 4147 AB
742 4104 764 4147 in
781 4116 868 4160 marg:
886 4102 967 4147 Tertia
980 4103 1114 4155 r'erarchia,·
1134 4105 1156 4146 A
1170 4102 1193 4146 in
1205 4114 1278 4158 marg.
1294 4115 1359 4158 sup.:

374 4174 478 4217 Membra
493 4174 590 4217 ecclesie
603 4186 671 4228 quam
685 4173 770 4217 habent
783 4173 957 4217 similitudinem
970 4174 1003 4218 ad
1020 4173 1122 4216 membra
1138 4172 1245 4228 corporis
1257 4172 1359 4216 humani.

375 4255 408 4299 19.
424 4242 513 4286 codd:
531 4242 643 4286 Christus.

430 4383 467 4432 ¹7·
488 4369 516 4418 ll.
534 4369 595 4418 Cor.
614 4369 644 4430 ΙΙ,
667 4368 705 4420 15.
