3008 5026
484 389 877 440 tmpnmmnmrmm

229 547 427 629 Capitulum
464 548 657 610 secundum
692 546 803 610 obicit
829 545 1018 629 tripliciter
1046 555 1082 609 ct
1106 545 1174 608 dis·

185 651 304 730 solvit,
328 653 441 735 primo
466 654 592 715 suadet
616 651 809 734 tripliciter,
834 652 929 733 quod
946 671 1050 713 nemo
1066 652 1176 712 habet

184 765 401 837 potestatem
431 760 474 820 ad
503 757 700 819 faciendum
729 756 821 818 aliud
854 755 921 818 nisi
950 757 1047 838 quod
1075 756 1175 818 Deus

183 860 335 922 intendit
376 862 473 942 quod
505 861 618 937 faciat,
652 862 748 942 quod
783 861 948 935 concedit
993 861 1176 923 declarans

160 971 338 1044 flsensum,
372 975 408 1027 et
441 968 620 1046 quomodo
649 975 811 1047 potestas
840 965 918 1028 talis
948 966 1109 1047 perditur
1131 966 1176 1028 ad

185 1087 255 1129 non
281 1070 437 1149 gradum.
477 1067 645 1131 Secundo
670 1069 831 1131 obiciens
860 1069 904 1131 de
929 1078 1106 1150 potestate
1129 1069 1175 1132 fa·

186 1170 302 1233 ciendi
325 1172 491 1235 miracula
514 1173 672 1236 ostendit
701 1173 785 1254 quid
811 1183 867 1237 est
897 1173 1110 1250 miraculum,
1141 1184 1177 1237 et

186 1296 255 1336 non
289 1286 412 1358 potest
448 1289 607 1340 creature
643 1288 680 1340 ut
702 1278 781 1340 talis
821 1289 1036 1358 competere,
1068 1279 1178 1342 docet

187 1383 367 1460 quomodo
392 1392 447 1444 est
471 1384 516 1444 de
543 1382 716 1444 miraculis
746 1382 986 1461 senciendum,
1015 1385 1175 1445 secundo

119 1490 158 1543 ‘ob
187 1483 429 1567 principaliter
457 1486 565 1548 docet
589 1487 770 1567 quomodo
796 1485 1026 1549 senciendum
1048 1487 1176 1568 estlde

186 1596 366 1669 potestate
383 1589 527 1670 spiritus
543 1590 655 1651 sancti
673 1599 709 1651 et
725 1589 854 1671 gracie,
873 1599 908 1652 et
924 1590 1037 1652 tercio
1049 1589 1176 1653 diffuse

187 1694 345 1756 declarat
382 1695 561 1774 quomodo
595 1696 763 1756 sacerdos
796 1715 864 1757 non
894 1694 986 1757 tollit
1017 1704 1175 1777 peccata,

187 1797 252 1859 sed
273 1799 355 1860 dum
371 1797 476 1859 fuerit
497 1798 687 1861 conformis
711 1798 831 1861 divino
856 1798 986 1862 iudicio
1010 1801 1176 1880 quodam·

188 1902 292 1963 modo
324 1902 472 1965 remittit
504 1915 540 1965 et
573 1903 726 1966 absolvit
758 1904 934 1966 hominem
965 1924 983 1966 a
1015 1915 1175 1986 peccato.

149 2004 322 2086 &Quarto
362 2008 516 2069 declarat
554 2017 769 2089 potestatem
809 2009 1102 2072 excomunicandi
1141 2020 1176 2072 et

187 2109 358 2190 puniendi
391 2111 582 2188 subiectos,
615 2124 651 2174 et
679 2113 803 2196 quinto
833 2122 960 2177 tractat
992 2115 1036 2175 de
1066 2117 1174 2177 modo

187 2215 429 2278 committendi
453 2226 665 2298 potestates
689 2219 734 2279 de
759 2218 898 2299 origine
915 2227 951 2280 et
967 2217 1176 2300 perdicione

188 2338 306 2380 earum
332 2330 461 2402 etque
485 2320 531 2384 sit
555 2321 620 2384 alia
643 2321 762 2384 maior.

232 2423 430 2506 Capitulum
455 2425 600 2488 tercium
626 2429 756 2509 probat
779 2427 834 2489 via
858 2427 998 2509 triplici,
1022 2428 1119 2508 quod
1140 2427 1176 2491 P.

145 2528 311 2591 2ohabuit
334 2530 521 2611 primatum
545 2531 635 2593 inter
659 2533 841 2613 apostolos
869 2531 983 2614 primo
1008 2531 1177 2612 octuplici

188 2632 395 2696 testimonio
429 2637 613 2716 evangelii,
653 2646 689 2699 et
715 2636 874 2718 exponit,
913 2637 1094 2717 quomodo
1126 2655 1177 2697 su·

188 2740 271 2800 than
311 2739 488 2820 expetivit
511 2750 549 2802 ut
573 2739 743 2802 cribraret
781 2740 974 2821 apostolos
1009 2737 1177 2802 Secundo

188 2845 318 2922 probat
341 2843 426 2906 illud
450 2843 618 2926 octuplici
642 2842 846 2906 testimonio
870 2843 1044 2905 factorum
1067 2843 1177 2908 Petri.

190 2958 226 3008 et
249 2948 360 3010 tercio
385 2949 554 3031 octuplici
578 2947 782 3010 testimonio
807 2957 1017 3012 sanctorum.
1042 2946 1177 3028 Quarto

147 3059 276 3115 25vero
300 3055 473 3115 narrando
498 3053 670 3135 triplicem
695 3053 847 3115 fructum
872 3053 975 3114 huius
995 3052 1178 3115 sentencie

189 3157 344 3220 declarat
382 3160 478 3240 quod
518 3159 646 3221 Petrus
685 3168 836 3239 propter
872 3157 1099 3220 humilitatem
1143 3156 1177 3218 in

189 3261 346 3325 moribus
371 3262 585 3326 constitutus
610 3272 665 3324 est
689 3261 866 3324 aChristo
891 3272 998 3344 caput
1015 3261 1177 3340 ecclesie,

190 3375 226 3427 et
252 3368 465 3431 declarando
491 3368 671 3449 quomodo
698 3366 827 3428 Petrus
858 3367 1077 3448 precellebat
1095 3366 1177 3433 fide.

188 3471 381 3535 humilitate
407 3484 444 3535 et
476 3472 632 3551 caritate,
662 3472 817 3533 declarat
844 3473 1023 3553 quomodo
1047 3470 1177 3532 Petrus

147 3577 351 3654 soJohanne
376 3577 487 3661 magis
512 3577 695 3641 dilexerat.

234 3682 431 3764 Capitulum
449 3692 609 3764 quartum
627 3683 782 3744 declarat
797 3680 909 3763 primo
936 3681 1033 3761 quod
1048 3680 1177 3742 Petrus

189 3807 258 3848 non
293 3789 405 3849 solum
438 3787 578 3869 accepit
600 3787 696 3849 illum
720 3786 905 3867 primatum
936 3806 1001 3867 pro
1025 3805 1063 3846 se
1087 3784 1177 3865 ips0,

190 3892 254 3952 sed
287 3912 352 3973 pro
386 3891 461 3954 eius
490 3891 629 3955 vicariis
659 3891 935 3953 succedentibus
962 3891 995 3951 in
1027 3889 1177 3950 ecclesia

189 3996 368 4062 militante.
406 3997 574 4060 Secundo
609 3998 764 4059 declarat
795 3996 902 4078 quod,
935 3995 1026 4056 sicut
1049 3994 1177 4056 Petrus

146 4102 318 4163 3iexhinc
346 4101 413 4164 fuit
436 4122 502 4183 per
530 4122 569 4164 se
598 4101 725 4165 Christi
749 4100 909 4176 vicarius,
951 4099 1048 4182 quod
1077 4118 1176 4160 suum

243 4271 362 4316 samu
403 4279 548 4328 mmmm
623 4272 859 4327 aowamwa
939 4267 1177 4324 34hmmmR

190 4345 376 4400 mmmmm
