3008 5026
119 392 187 435 can.
203 379 244 459 x.]
418 396 462 445 nl:
481 396 692 446 potestate
712 397 810 448 enen.
1261 402 1318 462 25¹

120 552 246 629 XXII,
271 560 308 615 et
325 551 454 615 Petrus
480 572 525 614 ex
550 551 740 616 occisione.
764 552 863 616 Illam
888 561 1004 616 autern
1027 574 1105 638 pre·
1147 569 1220 614 rnen
1235 571 1291 615 rain

120 657 375 719 destinatorum
403 657 686 738 generacionem,
719 658 819 721 cuius
852 657 945 721 racio
975 668 1031 722 est
1056 659 1106 722 in·
1134 624 1304 737 iilllb'lll,

120 762 309 836 sensibilis
326 771 472 843 oportet
486 762 690 824 necessario
706 782 849 844 semper
862 773 954 825 stare
965 763 1106 826 fidelem
1131 736 1171 823 ”ll
1183 729 1305 824 iiiiii?

121 867 333 948 ubicumque
356 866 575 948 migraverit:
599 887 666 929 nec
690 876 832 949 oportet
848 887 941 929 nunc
958 867 1107 949 aliquam
1156 845 1201 889 ω
1216 833 1288 888 ΡΜ

96 971 195 1044 5eius
219 979 356 1054 partem
379 971 532 1033 Romam
556 972 613 1033 vel
637 971 837 1034 Avinonam
865 971 1021 1034 incolere
1048 972 1107 1034 vel

123 1096 203 1138 esse
218 1075 465 1159 presbiterum,
487 1075 555 1139 nisi
571 1075 664 1140 forte
680 1076 895 1140 necessitate
913 1097 959 1140 ex
976 1097 1107 1159 suppo·

121 1179 264 1260 sicione,
297 1181 393 1262 quod
427 1187 483 1242 est
515 1179 620 1243 nobis
652 1181 869 1262 ambiguum3
903 1190 939 1244 et
971 1183 1014 1243 de
1047 1181 1108 1244 tali

120 1285 283 1347 Romana
315 1283 467 1347 ecclesia
502 1283 669 1369 intelligit
700 1285 883 1348 decretum
915 1284 1107 1368 Jeronymi,

121 1388 202 1471 quia
237 1397 369 1450 certum
404 1397 458 1451 est
492 1407 538 1450 ex
561 1387 659 1452 VIII.
694 1388 848 1471 capitulo
882 1391 979 1471 quod
1012 1409 1107 1472 pape

80 1493 260 1576 roplurimi
296 1492 450 1555 Romani
487 1503 523 1554 et
560 1493 751 1556 Avinonici
791 1503 891 1557 erant
933 1493 1108 1557 manifesti

119 1597 268 1660 heretici
292 1606 328 1659 et
351 1596 603 1679 signantissimi
619 1597 836 1660 Antichristi.
861 1597 968 1662 Istam
992 1608 1107 1660 autem

120 1701 388 1786 generacionem
413 1700 620 1783 simpliciter
641 1710 678 1764 et
694 1712 861 1765 concrete
877 1702 1107 1785 intelligendo

121 1827 190 1868 non
224 1817 279 1869 est
311 1805 483 1888 possibile
517 1825 669 1887 peccare
708 1807 988 1889 dampnabiliter,
1027 1807 1108 1889 quia

122 1931 200 1973 cum
233 1910 279 1973 sit
310 1909 560 1992 predestinata,
594 1910 798 1973 necessario
838 1911 1038 1991 salvabitur,
1072 1923 1108 1974 et

81 2031 109 2079 15
122 2015 456 2098 quomodocumque
473 2015 688 2096 peccaverit,
704 2015 852 2078 habebit
867 2015 1014 2078 veniam.
1033 2014 1107 2080 Sed
1119 2011 1171 2108 ᾦξε
1185 2013 1324 2108 ξβξξῖῗξξ,

122 2121 167 2182 de
183 2118 243 2182 tali
260 2119 450 2201 privilegio
468 2139 540 2181 non
557 2130 613 2181 est
629 2140 771 2202 pompa,
796 2141 875 2182 cum
895 2120 1107 2202 ignoramus,
1139 2126 1189 2161 ¹¹⁰⁶
1204 2118 1300 2160 ‘'¹⁰¹⁶''-

122 2224 182 2307 qui
198 2232 279 2286 sunt
295 2223 340 2285 de
355 2223 414 2285 illa
431 2222 590 2286 ecclesia.
615 2223 747 2286 Beatus
765 2234 880 2287 autem
896 2225 1107 2307 Jeronymus

120 2327 321 2410 reputative
338 2327 479 2390 locutus
496 2335 551 2391 est
568 2336 604 2390 et
616 2327 834 2392 credibiliter
850 2348 896 2389 ex
915 2328 985 2390 fide
1002 2348 1106 2410 quam

121 2431 272 2514 sumpsit
298 2452 343 2494 ex
361 2433 567 2514 apostolicis
585 2432 753 2515 operibus
768 2432 872 2495 huius
888 2454 992 2515 pape,
1016 2434 1108 2496 sicut

78 2565 110 2597 20
121 2536 232 2599 sancti
255 2536 457 2618 reputative
481 2537 685 2618 loquuntur,
714 2538 855 2618 quando
880 2538 1004 2600 vident
1027 2558 1105 2619 pre·

119 2642 211 2704 latos
228 2639 446 2704 declinantes
463 2661 481 2702 a
499 2640 627 2704 Christi
644 2640 816 2725 vestigiis,
833 2641 994 2703 dicentes
1011 2642 1107 2722 quod

122 2744 428 2826 suntdampnandi
444 2746 501 2807 vel
519 2746 675 2807 membra
685 2744 838 2826 dyaboli.
855 2744 979 2807 Utrum
992 2756 1107 2807 autem

120 2851 247 2910 beatus
269 2848 484 2930 Jeronymus
515 2849 638 2912 habuit
668 2847 929 2911 revelacionem
957 2850 1002 2911 de
1030 2867 1107 2931 pre·

122 2952 364 3014 destinacione
374 2952 477 3014 huius
494 2973 588 3034 pape
600 2960 636 3015 et
647 2951 785 3015 iusticia
795 2971 936 3014 suorum
948 2973 1107 3034 operum,

78 3068 109 3118 25
120 3057 313 3140 ignoratur.
334 3056 518 3121 Subtilitas
536 3066 653 3120 autem
668 3056 772 3120 huius
789 3076 915 3119 sensus
933 3067 988 3119 est
1004 3058 1107 3119 valde
1138 3095 1231 3138 semme
1245 3105 1299 3148 my

29 3177 94 3236 ²²4⁸
120 3171 256 3223 remota
276 3163 280 3240 Ι
302 3181 321 3222 a
344 3161 474 3223 noticia
497 3160 710 3242 legistarum.
738 3160 785 3223 Et
801 3171 901 3241 patet
925 3161 1106 3242 quomodo
1137 3147 1264 3243 ξζῖζῗῃῗξξ
1278 3157 1304 3240 2,

120 3266 352 3348 intelligenda
385 3275 440 3327 est
473 3264 725 3328 condicionalis
747 3264 931 3347 Jeronymi
956 3265 1054 3345 quod
1077 3264 1107 3327 si
1124 3260 1148 3295 ¹⁰
1163 3251 1285 3345 ξᾙξοῐξῇξ
1294 3256 1317 3292 ¹⁰

120 3372 178 3433 illa
201 3391 266 3434 sua
290 3368 469 3433 confessio
493 3370 717 3432 confirmatur
733 3369 825 3432 illius
849 3391 943 3451 pape
967 3369 1106 3445 iudici0,
1153 3355 1288 3399 ⁵⁰¹²¹¹³³¹¹²³·

121 3475 335 3557 quicumque
367 3475 577 3558 impugnare
602 3475 754 3538 voluerit
788 3477 881 3539 forct
908 3477 1105 3553 hereticus;

78 3591 110 3639 30
119 3579 322 3662 reputative
344 3580 435 3642 enim
452 3581 511 3641 vel
528 3600 573 3641 ex
591 3580 811 3642 revelacione
829 3581 987 3660 asseruit,
1012 3580 1108 3662 quod

121 3684 179 3746 ille
203 3705 298 3767 papa
320 3705 392 3746 non
416 3684 639 3746 confirmaret
662 3684 754 3746 aliud
779 3685 845 3748 nisi
869 3706 1001 3747 verum.
1034 3683 1108 3747 Sed

121 3788 295 3850 dementis
319 3789 414 3851 foret
443 3789 590 3851 credere
615 3790 710 3870 quod
735 3791 803 3851 boc
828 3790 938 3851 debet
959 3788 1049 3852 trahi
1071 3788 1107 3850 in

121 3892 418 3973 consequenciam
435 3893 480 3954 de
504 3912 729 3974 quocumque
746 3893 912 3956 Romano
930 3892 1107 3975 pontifice,

120 3995 202 4079 quia
227 4005 360 4059 certum
384 4004 450 4075 est,
475 3998 573 4079 quod
595 3996 694 4059 multi
719 4017 849 4070 eorum,
880 3997 1107 4079 quantumin

77 4109 107 4161 35
120 4102 172 4164 eis
183 4100 259 4176 fuit,
275 4101 491 4164 ratificarunt
500 4103 626 4164 multas
639 4102 786 4164 hereses
802 4111 953 4183 propter
962 4102 1106 4178 lucrum,

174 4352 207 4385 ια.
224 4340 261 4384 la:
276 4343 412 4396 simpliciter
425 4347 526 4386 coarcte.
585 4342 622 4388 33.
640 4341 844 4397 Consequencr'am;
859 4341 924 4385 cod:
941 4351 1023 4390 conon.
