3008 5026
661 381 830 434 JOHANNIS
848 382 990 435 wreus
1188 369 1272 446 [cae.
1287 378 1317 422 v.

329 539 443 604 minus
466 537 658 621 suscipere.
695 538 742 602 Et
764 546 887 622 preter
908 538 1001 603 illam
1029 546 1086 603 est
1109 538 1193 602 dare
1215 538 1319 603 aliam

328 642 518 706 maneriem
549 642 741 726 potestatis
764 642 1000 707 iurisdicionis
1023 643 1100 707 sive
1123 641 1319 726 regiminis,

143 785 282 830 theresa
328 767 398 831 que
421 746 488 811 fuit
511 746 632 830 dispar
653 746 690 810 in
712 746 864 812 diversis
886 745 1061 830 apostolis
1085 754 1123 810 et
1148 746 1319 811 continue

116 838 385 946 {lfsslffiffiinest
417 852 538 935 dispar
568 851 603 915 in
636 850 788 917 diversis
821 850 1012 935 episcopis.
1050 849 1124 916 Sed
1154 850 1214 915 illa
1245 870 1320 915 non

110 945 176 1038 024⁰}
189 943 318 1038 {iffice
327 956 523 1019 attenditur
559 975 673 1038 penes
714 954 978 1021 institucionem
1014 956 1210 1038 humanam,
1253 956 1344 1020 seds

149 1046 277 1143 {2332}ss
327 1079 440 1142 penes
471 1061 540 1123 hoc
573 1059 670 1143 quod
693 1059 795 1125 Deus
829 1059 1006 1124 ordinavit
1036 1059 1246 1144 episcopum
1269 1061 1319 1124 in·

327 1164 463 1229 tensius
495 1165 555 1228 vel
591 1163 774 1229 remissius
812 1164 946 1231 debere
981 1183 1113 1247 regere
1149 1163 1319 1228 maiorem

325 1277 463 1351 partem
487 1269 638 1333 ecclesie
664 1270 722 1332 vel
745 1268 927 1334 minorem.
959 1269 1007 1332 Et
1030 1289 1100 1332 non
1122 1268 1320 1332 attenditur

326 1372 361 1436 in
384 1371 453 1437 isto
476 1373 522 1436 ad
536 1374 725 1437 humanum
741 1373 928 1456 primatum
945 1373 1010 1438 sed
1026 1373 1071 1436 ad
1086 1372 1320 1457 quantitatem

326 1476 517 1559 potestatis
548 1497 652 1560 quam
683 1477 785 1541 Deus
815 1476 976 1541 attribuit
1006 1478 1052 1541 ad
1084 1477 1320 1540 edificandum
1334 1502 1364 1538 ιο

328 1602 425 1645 suam
449 1580 645 1662 ecclesiam,
670 1590 708 1644 et
730 1582 782 1656 (ut
806 1581 936 1646 dictum
961 1583 1029 1663 est)
1059 1601 1183 1645 omnes
1209 1583 1319 1645 habu·

329 1694 433 1748 erunt
449 1685 674 1749 commixtam
689 1685 892 1768 potenciam
908 1705 1019 1768 super
1034 1686 1162 1749 eodem
1177 1686 1319 1768 populo

328 1788 404 1853 sine
427 1789 679 1873 repugnancia,
711 1789 841 1854 Petrus
864 1789 1052 1873 primatum
1074 1809 1147 1852 non
1169 1797 1321 1872 propter

328 1894 594 1975 amplitudinem
616 1893 874 1958 iurisdiccionis
898 1895 963 1958 sed
977 1901 1129 1977 propter
1139 1893 1319 1957 fervorem

329 1998 534 2062 dileccionis
551 1998 682 2063 Christi
699 2007 737 2061 et
759 2019 823 2063 sue
847 1998 1009 2063 ecclesie.
1032 1999 1122 2062 Nam
1145 2008 1186 2063 ut
1208 1998 1318 2062 credo
1334 2008 1362 2060 15

330 2103 440 2166 ceteri
456 2103 640 2168 extensius
655 2104 870 2184 laborarunt,
892 2104 942 2167 ita
964 2104 1061 2187 quod
1084 2101 1318 2190 turlpissime
1350 2113 1402 2177 184¹

330 2215 367 2271 et
380 2207 683 2271 inevidentissime
699 2207 859 2289 arguitur
881 2209 988 2291 quod,
1005 2206 1034 2272 si
1048 2208 1179 2272 Petrus
1193 2206 1320 2271 habuit

329 2311 515 2395 primatum
546 2311 640 2376 inter
662 2313 858 2395 apostolos,
885 2321 970 2377 tunc
993 2312 1052 2376 ille
1074 2311 1198 2377 habuit
1220 2312 1319 2377 iuris·

331 2416 527 2480 diccionem
569 2415 806 2481 universalem
829 2415 945 2481 tocius
979 2417 1142 2498 ecclesie,
1186 2424 1224 2480 et
1259 2415 1321 2479 alii

330 2521 576 2604 particularem
607 2543 628 2585 a
650 2522 760 2585 Petro
790 2530 827 2585 et
859 2521 936 2587 eius
958 2520 1100 2586 vicariis
1126 2520 1320 2586 limitatam.
1331 2545 1364 2582 20

158 2648 276 2745 siurupu
373 2625 464 2690 Tres
486 2635 603 2690 tamen
627 2625 830 2690 evidencias
851 2625 965 2690 innuit
988 2626 1152 2690 dominus
1167 2626 1320 2690 Ardma·

140 2707 289 2797 ii1⁸e¹ii⁸niuii
331 2750 440 2794 canus
455 2730 501 2793 ad
514 2731 755 2795 roborandum
769 2731 872 2795 istam
888 2731 1074 2815 arguciam‚
1090 2729 1204 2815 primo
1221 2730 1321 2814 quod

114 2805 480 2917 flie⁸11le⁸⁸cillcl.oportet
509 2833 660 2917 aliquem
693 2834 890 2918 capitaliter
922 2834 973 2899 sic
1004 2854 1132 2918 regere
1165 2854 1212 2897 ex
1235 2854 1320 2897 auc·

331 2939 476 3003 toritate
499 2939 641 3016 domini,
670 2939 735 3003 sed
761 2939 821 3003 ille
848 2939 1034 3023 potissime
1061 2938 1157 3003 soret
1179 2939 1321 3004 Petrus.

374 3043 435 3106 Ad
449 3043 534 3106 illud
551 3042 679 3106 dicitur
694 3052 732 3106 et
746 3043 781 3106 in
797 3042 952 3106 futurum
972 3042 1207 3107 declarabitur
1222 3043 1321 3126 quod
1332 3053 1365 3105 25

330 3147 502 3212 hodierna
510 3147 654 3231 gentilis
668 3147 871 3212 iurisdiccio
882 3147 949 3211 fuit
959 3157 1082 3232 preter
1092 3147 1320 3212 autoritatem

331 3250 476 3315 Domini
508 3271 555 3314 ex
587 3252 756 3334 superbia
786 3251 998 3329 introducta,
1032 3252 1114 3336 quia
1135 3252 1236 3316 iuxta
1259 3253 1321 3316 de·

332 3364 466 3419 cretum
497 3356 595 3421 beati
625 3356 795 3437 Jeronimi
817 3356 922 3422 XCV
945 3356 1193 3421 distinccione:
1229 3357 1321 3421 Olim

332 3462 471 3526 ecclesia
493 3463 719 3545 regulabatur
740 3463 777 3526 in
800 3463 975 3545 principio
998 3463 1175 3527 communi
1200 3481 1321 3527 sacer·

331 3569 447 3630 dotum
479 3567 629 3643 consilio,
662 3567 754 3631 sicut
784 3565 851 3630 fuit
881 3575 1044 3650 tempore
1075 3567 1321 3649 apostolorum
1333 3574 1367 3627 30

333 3672 508 3734 subducta
523 3669 776 3735 dominacione.
798 3670 845 3733 Et
859 3670 904 3734 ad
921 3670 1120 3734 docendum
1136 3690 1202 3734 nos
1217 3670 1320 3734 istam

333 3775 550 3839 sentenciam
582 3776 690 3839 credo
722 3774 895 3858 Spiritum
927 3774 1095 3840 Sanctum
1128 3774 1322 3855 ordinasse,

332 3880 428 3963 quod
459 3879 494 3943 in
525 3881 609 3963 lege
641 3879 770 3945 Christi
804 3889 1069 3963 preponeretur
1106 3881 1322 3964 quandoque

385 4121 407 4164 6.
422 4121 452 4164 B:
467 4120 531 4176 quod
545 4121 608 4164 Deus
622 4125 663 4164 ert.
720 4119 752 4165 13.
768 4120 809 4164 ΑΒ
825 4122 848 4164 in
864 4132 952 4177 marp:
968 4120 1053 4164 Petrae
1066 4121 1181 4176 quomodo
1194 4120 1323 4174 primatum

332 4189 414 4233 tatuit
427 4190 489 4234 inter
502 4191 630 4246 apostolor.
687 4202 721 4234 21.
736 4192 758 4234 Α
772 4191 796 4234 in
811 4202 897 4246 marga
913 4196 931 4233 1.

386 4318 426 4365 28.
445 4317 513 4366 Vide
531 4331 610 4382 supra
629 4331 689 4383 pag.
708 4331 751 4384 9²·
