3008 5026
162 396 315 486 cin-in]
457 416 502 466 ne
522 414 733 466 conessum
752 416 853 466 mes.

163 583 201 637 et
217 572 382 655 discipuli
392 571 611 637 Antichristi,
626 572 673 635 Et
682 573 887 635 nullomodo
901 571 1015 634 trahat
1025 569 1155 634 Christi

162 677 316 741 vicarius
326 676 526 740 huiusmodi
542 697 665 740 causas
676 677 754 753 sibi,
766 678 830 739 sed
841 673 989 760 effugiat
998 681 1038 736 ut
1047 694 1154 736 vene·

162 802 246 846 num
255 781 575 864 iuxtaexemplaria
585 783 703 864 legum
714 780 866 844 civilium
878 780 1030 842 condere
1041 797 1152 842 novas

163 889 276 970 leges,
293 888 582 949 sedabnuentem
597 886 747 949 finaliter
758 886 848 948 hanc
859 885 950 948 viam
966 883 1152 965 triplicem,

136 998 150 1049 5
164 991 450 1054 excommunicet
470 1000 508 1054 ut
527 992 720 1054 membrum
736 988 890 1072 dyaboli.
907 986 1152 1051 Excommuni·

164 1103 291 1159 canten
324 1095 369 1157 im
394 1095 607 1177 quandoque
639 1094 833 1177 simplices;
859 1093 941 1177 quia
963 1092 1152 1156 dissentire

161 1206 317 1262 renuunt
355 1198 437 1281 legi.
469 1198 515 1262 Et
546 1206 647 1282 patet
670 1199 850 1280 quomodo
883 1206 1003 1279 preter
1025 1216 1151 1279 papam

161 1310 310 1385 oportet
347 1322 438 1380 esse,
480 1301 572 1367 sicut
609 1302 676 1365 fuit
702 1302 735 1364 in
775 1300 953 1384 primitiva
991 1300 1151 1377 ecclesia,

161 1427 269 1470 unum
286 1416 394 1489 caput
409 1408 452 1470 ad
469 1426 592 1470 causas
609 1406 868 1469 ecclesiasticas
884 1404 1150 1469 terminandum.

117 1510 498 1593 1oQuoadsecundum
523 1518 625 1593 patet
658 1511 754 1592 quod
778 1518 925 1592 oportet
946 1528 1027 1571 esse
1043 1528 1149 1571 unum
1232 1525 1292 1568 now

161 1626 270 1698 caput
293 1616 335 1678 ad
359 1615 534 1678 beneficia
550 1615 791 1678 ecclesiastica
806 1614 1046 1697 parciendum,
1071 1633 1149 1676 nam
1160 1585 1367 1673 iiiiiiii'iiiriffi

159 1721 221 1783 lex
253 1719 383 1784 Christi
415 1728 470 1782 est
502 1722 546 1784 ad
576 1720 661 1783 illud
694 1718 884 1796 sufficiens,
923 1726 960 1781 et
996 1737 1150 1799 persona
1207 1682 1322 1725 mmm

159 1823 297 1907 populi,
330 1823 386 1886 cui
417 1823 652 1906 preficeretur
682 1822 762 1887 talis
798 1821 1017 1906 prepositus,
1056 1822 1151 1885 foret

159 1927 315 2010 optimus
331 1927 439 1990 iudex
457 1928 500 1990 ad
517 1927 790 1990 discernendum
804 1927 912 1990 talem
926 1925 1149 2008 prepositum

117 2031 335 2114 15episc0po
359 2031 646 2114 presentandum.
686 2029 746 2096 Sic
771 2030 862 2093 enim
886 2029 952 2093 fuit
974 2029 1009 2092 in
1033 2029 1149 2112 primi·

79 2147 129 2207 47‘
159 2135 233 2200 tiva
256 2135 424 2214 ecclesia;
458 2156 525 2199 nec
557 2145 675 2199 cessat
698 2135 806 2212 racio,
840 2153 949 2216 quare
981 2152 1050 2202 non
1072 2135 1076 2213 Ι
1097 2133 1148 2196 sic

159 2239 253 2304 foret
267 2239 382 2304 hodie.
399 2239 487 2303 Nam
502 2239 562 2303 illa
578 2239 929 2322 personatenerrime
940 2237 1150 2322 provideret

159 2345 205 2406 de
237 2344 361 2407 mediis
394 2345 437 2406 ad
469 2345 619 2408 salutem
651 2341 765 2406 anime
790 2342 1000 2406 necessariis
1033 2341 1149 2405 cuius·

159 2448 255 2510 modi
279 2457 334 2511 est
357 2457 480 2531 pastor
503 2447 693 2520 discretus;
727 2447 757 2510 si
790 2446 882 2510 enim
910 2445 1080 2529 providet
1103 2447 1148 2508 de

112 2573 146 2609 20
158 2552 282 2615 mediis
306 2552 469 2635 corporis
497 2552 684 2632 nutritivis,
720 2552 810 2616 fides
834 2551 1027 2615 necessitat
1052 2551 1149 2634 quod

157 2656 330 2719 infinitum
363 2657 444 2739 plus
467 2656 659 2740 provideat
681 2657 727 2719 de
750 2656 875 2719 mediis
904 2655 1016 2718 anime
1040 2654 1147 2718 nutri·

156 2760 250 2824 tivis.
312 2759 398 2822 Ideo
450 2759 693 2823 Ecclesiastici
739 2759 867 2837 XXX,
918 2776 958 2838 24
1006 2758 1147 2822 dicitur:

156 2864 322 2928 Miserere
345 2865 462 2928 anime
477 2870 531 2927 tue
549 2866 692 2946 placens
707 2864 790 2928 Deo.
815 2861 923 2926 Istam
942 2861 1050 2946 igitur
1065 2881 1148 2945 pro·

157 2967 356 3031 videnciam
387 2988 458 3031 non
492 2977 548 3031 est
580 2966 710 3031 Christi
749 2975 785 3030 et
822 2987 888 3050 per
921 2985 1147 3048 consequens

112 3071 285 3135 25nullius
309 3082 470 3135 creature
494 3081 628 3136 vetare.

201 3175 378 3258 Quantum
402 3178 445 3239 ad
468 3177 595 3260 legem,
612 3184 712 3259 patet
736 3177 833 3258 quod
849 3175 925 3239 sola
940 3177 1001 3238 lex
1017 3174 1147 3240 Christi

155 3281 319 3363 perfecte
344 3282 451 3344 docet
473 3281 628 3363 pastoris
645 3280 810 3357 officium,
834 3281 1015 3363 quomodo
1040 3280 1144 3343 intro·

156 3386 340 3448 ducendus
365 3395 430 3463 est,
464 3387 642 3467 quomodo
667 3386 875 3448 nutriendus
904 3395 941 3448 et
964 3385 1145 3467 quomodo

156 3488 401 3573 castigandum
424 3488 518 3552 illam
533 3489 642 3572 igitur
657 3491 774 3571 legem
791 3496 936 3572 oportet
957 3488 1144 3552 communi·

111 3605 145 3656 30
154 3601 264 3656 tatem
280 3592 547 3656 christianorum
566 3592 759 3656 defendere
777 3605 813 3656 et
829 3592 1043 3657 tradiciones
1061 3612 1145 3656 con·

154 3696 281 3760 trarias
304 3695 522 3780 impugnare.

199 3798 290 3865 Sunt
327 3800 434 3884 igitur
470 3810 540 3864 tam
579 3821 626 3864 ex
664 3817 766 3884 parte
807 3803 1001 3865 electorum
1040 3822 1144 3885 quam
1199 3817 1317 3927 app&

155 3905 261 3970 electi
284 3906 450 3989 pericula.
487 3907 543 3968 Ex
566 3914 670 3989 parte
695 3907 862 3970 electoris
884 3905 919 3969 in
942 3907 1022 3985 hoc,
1047 3911 1143 3990 quod
1207 3924 1294 3968 eroice.

154 4020 282 4094 posset
297 4010 468 4073 blasfeme
484 4030 690 4092 presumere
712 4013 809 4092 quod
826 4010 956 4074 sufficit
979 4013 1143 4076 voluntas

208 4227 230 4260 2.
244 4215 309 4257 modi
321 4215 392 4259 deest.
462 4227 494 4259 ιο.
519 4214 593 4259 codd.
618 4215 639 4258 in
664 4227 749 4270 marga
768 4215 843 4271 Caput
856 4228 925 4258 unum
945 4220 1144 4271 oportetemad

153 4284 336 4328 distribuendum
350 4284 469 4339 beneficia.
536 4283 574 4329 32.
590 4284 667 4329 Codd.
689 4285 712 4328 in
737 4297 823 4341 marga
844 4285 938 4330 Eteecio
962 4288 1051 4343 prelati
1072 4288 1143 4331 hebet

150 4353 265 4408 pericula.
