<?xml version="1.0" encoding="UTF-8"?>
<!DOCTYPE html PUBLIC "-//W3C//DTD XHTML 1.0 Transitional//EN"
    "http://www.w3.org/TR/xhtml1/DTD/xhtml1-transitional.dtd">
<html xmlns="http://www.w3.org/1999/xhtml" xml:lang="en" lang="en">
 <head>
  <title>
</title>
<meta http-equiv="Content-Type" content="text/html;charset=utf-8" />
  <meta name='ocr-system' content='tesseract 3.04.00' />
  <meta name='ocr-capabilities' content='ocr_page ocr_carea ocr_par ocr_line ocrx_word'/>
</head>
<body>
  <div class='ocr_page' id='page_1' title='image "./johanniswyclift00mattgoog_0430.png"; bbox 0 0 3008 5026; ppageno 0'>
   <div class='ocr_carea' id='block_1_1' title="bbox 187 357 876 436">
    <p class='ocr_par' dir='ltr' id='par_1_1' title="bbox 187 357 876 436">
     <span class='ocr_line' id='line_1_1' title="bbox 187 357 876 436; baseline 0.023 -27"><span class='ocrx_word' id='word_1_1' title='bbox 187 365 256 410; x_wconf 77' lang='lat' dir='ltr'><strong>crte.</strong></span> <span class='ocrx_word' id='word_1_2' title='bbox 275 357 338 436; x_wconf 64' lang='grc' dir='ltr'><strong>κη]</strong></span> <span class='ocrx_word' id='word_1_3' title='bbox 484 372 528 422; x_wconf 78' lang='lat' dir='ltr'><strong>DE</strong></span> <span class='ocrx_word' id='word_1_4' title='bbox 548 373 757 423; x_wconf 75' lang='lat' dir='ltr'>POTESTATE</span> <span class='ocrx_word' id='word_1_5' title='bbox 780 374 876 426; x_wconf 77' lang='grc' dir='ltr'><strong>ΡΑΡΕ.</strong></span> 
     </span>
    </p>
   </div>
   <div class='ocr_carea' id='block_1_2' title="bbox 145 526 1370 3108">
    <p class='ocr_par' dir='ltr' id='par_1_2' title="bbox 187 526 1174 924">
     <span class='ocr_line' id='line_1_2' title="bbox 232 526 1171 612; baseline 0.006 -23"><span class='ocrx_word' id='word_1_6' title='bbox 232 526 301 590; x_wconf 93' lang='lat' dir='ltr'><strong>Hic</strong></span> <span class='ocrx_word' id='word_1_7' title='bbox 315 546 506 610; x_wconf 90' lang='lat' dir='ltr'><strong>possumus</strong></span> <span class='ocrx_word' id='word_1_8' title='bbox 519 529 665 612; x_wconf 88' lang='lat' dir='ltr'><strong>palpare</strong></span> <span class='ocrx_word' id='word_1_9' title='bbox 680 528 710 592; x_wconf 94' lang='lat' dir='ltr'><strong>si</strong></span> <span class='ocrx_word' id='word_1_10' title='bbox 719 529 797 611; x_wconf 90' lang='lat' dir='ltr'><strong>plus</strong></span> <span class='ocrx_word' id='word_1_11' title='bbox 807 528 984 612; x_wconf 82' lang='lat' dir='ltr'><strong>diligimus</strong></span> <span class='ocrx_word' id='word_1_12' title='bbox 995 527 1171 594; x_wconf 88' lang='lat' dir='ltr'><strong>Christum</strong></span> 
     </span>
     <span class='ocr_line' id='line_1_3' title="bbox 189 630 1172 715; baseline 0.005 -21"><span class='ocrx_word' id='word_1_13' title='bbox 189 631 373 713; x_wconf 92' lang='lat' dir='ltr'><strong>sequendo</strong></span> <span class='ocrx_word' id='word_1_14' title='bbox 391 630 465 695; x_wconf 89' lang='lat' dir='ltr'><strong>eius</strong></span> <span class='ocrx_word' id='word_1_15' title='bbox 481 631 644 715; x_wconf 87' lang='lat' dir='ltr'><strong>vestigia,</strong></span> <span class='ocrx_word' id='word_1_16' title='bbox 660 652 764 715; x_wconf 91' lang='lat' dir='ltr'><strong>quam</strong></span> <span class='ocrx_word' id='word_1_17' title='bbox 783 634 990 699; x_wconf 82' lang='lat' dir='ltr'>sacerdotes</span> <span class='ocrx_word' id='word_1_18' title='bbox 1007 653 1172 699; x_wconf 88' lang='lat' dir='ltr'><strong>cesareos</strong></span> 
     </span>
     <span class='ocr_line' id='line_1_4' title="bbox 187 736 1174 822; baseline 0.006 -27"><span class='ocrx_word' id='word_1_19' title='bbox 187 743 338 816; x_wconf 90' lang='lat' dir='ltr'><strong>propter</strong></span> <span class='ocrx_word' id='word_1_20' title='bbox 360 736 535 799; x_wconf 89' lang='lat' dir='ltr'><strong>mundum.</strong></span> <span class='ocrx_word' id='word_1_21' title='bbox 563 736 610 799; x_wconf 88' lang='lat' dir='ltr'><strong>Et</strong></span> <span class='ocrx_word' id='word_1_22' title='bbox 630 737 696 799; x_wconf 89' lang='lat' dir='ltr'><strong>hec</strong></span> <span class='ocrx_word' id='word_1_23' title='bbox 719 736 815 800; x_wconf 86' lang='lat' dir='ltr'><strong>racio</strong></span> <span class='ocrx_word' id='word_1_24' title='bbox 839 738 892 819; x_wconf 92' lang='lat' dir='ltr'><strong>(ut</strong></span> <span class='ocrx_word' id='word_1_25' title='bbox 915 736 1037 822; x_wconf 91' lang='lat' dir='ltr'><strong>credo)</strong></span> <span class='ocrx_word' id='word_1_26' title='bbox 1061 737 1174 801; x_wconf 90' lang='lat' dir='ltr'><strong>movit</strong></span> 
     </span>
     <span class='ocr_line' id='line_1_5' title="bbox 187 837 1174 924; baseline 0.006 -25"><span class='ocrx_word' id='word_1_27' title='bbox 187 837 426 920; x_wconf 83' lang='lat' dir='ltr'><strong>Augustinum</strong></span> <span class='ocrx_word' id='word_1_28' title='bbox 460 839 613 922; x_wconf 87' lang='lat' dir='ltr'><strong>epistola</strong></span> <span class='ocrx_word' id='word_1_29' title='bbox 643 841 687 918; x_wconf 86' lang='lat' dir='ltr'><strong>ad</strong></span> <span class='ocrx_word' id='word_1_30' title='bbox 710 840 875 919; x_wconf 88' lang='lat' dir='ltr'><strong>Cirillum,</strong></span> <span class='ocrx_word' id='word_1_31' title='bbox 907 841 1049 924; x_wconf 89' lang='lat' dir='ltr'><strong>quando</strong></span> <span class='ocrx_word' id='word_1_32' title='bbox 1073 841 1174 921; x_wconf 87' lang='lat' dir='ltr'><strong>dixit,</strong></span> 
     </span>
    </p>

    <p class='ocr_par' dir='ltr' id='par_1_3' title="bbox 161 943 1355 1443">
     <span class='ocr_line' id='line_1_6' title="bbox 161 943 1172 1029; baseline 0.007 -25"><span class='ocrx_word' id='word_1_33' title='bbox 161 946 174 997; x_wconf 84' lang='grc'>5</span> <span class='ocrx_word' id='word_1_34' title='bbox 186 950 375 1025; x_wconf 87' lang='lat' dir='ltr'><strong>postquam</strong></span> <span class='ocrx_word' id='word_1_35' title='bbox 404 943 576 1008; x_wconf 88' lang='lat' dir='ltr'><strong>allocutus</strong></span> <span class='ocrx_word' id='word_1_36' title='bbox 605 953 660 1009; x_wconf 91' lang='lat' dir='ltr'><strong>est</strong></span> <span class='ocrx_word' id='word_1_37' title='bbox 683 949 825 1010; x_wconf 90' lang='lat' dir='ltr'><strong>beatum</strong></span> <span class='ocrx_word' id='word_1_38' title='bbox 847 946 1077 1029; x_wconf 87' lang='lat' dir='ltr'><strong>Jeronymum</strong></span> <span class='ocrx_word' id='word_1_39' title='bbox 1103 946 1172 1010; x_wconf 89' lang='lat' dir='ltr'><strong>iam</strong></span> 
     </span>
     <span class='ocr_line' id='line_1_7' title="bbox 187 1047 1174 1132; baseline 0.007 -24"><span class='ocrx_word' id='word_1_40' title='bbox 187 1055 377 1110; x_wconf 88' lang='lat' dir='ltr'><strong>mortuum:</strong></span> <span class='ocrx_word' id='word_1_41' title='bbox 405 1047 518 1112; x_wconf 79' lang='lat' dir='ltr'><em>Testor</em></span> <span class='ocrx_word' id='word_1_42' title='bbox 532 1049 654 1128; x_wconf 84' lang='lat' dir='ltr'><strong>Deum,</strong></span> <span class='ocrx_word' id='word_1_43' title='bbox 674 1051 761 1129; x_wconf 83' lang='lat' dir='ltr'><strong>quod</strong></span> <span class='ocrx_word' id='word_1_44' title='bbox 779 1069 802 1113; x_wconf 85' lang='grc' dir='ltr'><em>α</em></span> <span class='ocrx_word' id='word_1_45' title='bbox 817 1055 968 1131; x_wconf 82' lang='lat' dir='ltr'><strong>tempore</strong></span> <span class='ocrx_word' id='word_1_46' title='bbox 982 1051 1040 1115; x_wconf 87' lang='lat' dir='ltr'><strong>illo</strong></span> <span class='ocrx_word' id='word_1_47' title='bbox 1052 1053 1174 1132; x_wconf 84' lang='lat' dir='ltr'><strong>pocius</strong></span> 
     </span>
     <span class='ocr_line' id='line_1_8' title="bbox 186 1152 1341 1238; baseline 0.004 -24"><span class='ocrx_word' id='word_1_48' title='bbox 186 1152 381 1216; x_wconf 81' lang='lat' dir='ltr'><strong>desideravi</strong></span> <span class='ocrx_word' id='word_1_49' title='bbox 394 1154 527 1218; x_wconf 81' lang='lat' dir='ltr'><strong>subesse</strong></span> <span class='ocrx_word' id='word_1_50' title='bbox 541 1173 645 1235; x_wconf 81' lang='lat' dir='ltr'><strong>qnam</strong></span> <span class='ocrx_word' id='word_1_51' title='bbox 657 1173 805 1236; x_wconf 83' lang='lat' dir='ltr'><strong>preesse.</strong></span> <span class='ocrx_word' id='word_1_52' title='bbox 829 1153 919 1218; x_wconf 89' lang='lat' dir='ltr'><strong>Nam</strong></span> <span class='ocrx_word' id='word_1_53' title='bbox 934 1153 1034 1217; x_wconf 84' lang='lat' dir='ltr'><strong>iuxta</strong></span> <span class='ocrx_word' id='word_1_54' title='bbox 1055 1156 1173 1238; x_wconf 83' lang='lat' dir='ltr'><strong>legem</strong></span> <span class='ocrx_word' id='word_1_55' title='bbox 1226 1163 1277 1208; x_wconf 72' lang='lat' dir='ltr'><strong>lle</strong></span> <span class='ocrx_word' id='word_1_56' title='bbox 1291 1171 1341 1209; x_wconf 78' lang='lat' dir='ltr'><strong>true</strong></span> 
     </span>
     <span class='ocr_line' id='line_1_9' title="bbox 188 1229 1355 1342; baseline 0.004 -24"><span class='ocrx_word' id='word_1_57' title='bbox 188 1264 224 1320; x_wconf 89' lang='lat' dir='ltr'><strong>et</strong></span> <span class='ocrx_word' id='word_1_58' title='bbox 236 1256 487 1322; x_wconf 83' lang='lat' dir='ltr'><strong>diffinicionem</strong></span> <span class='ocrx_word' id='word_1_59' title='bbox 498 1256 628 1322; x_wconf 88' lang='lat' dir='ltr'><strong>Christi</strong></span> <span class='ocrx_word' id='word_1_60' title='bbox 638 1258 762 1323; x_wconf 86' lang='lat' dir='ltr'><strong>Matth.</strong></span> <span class='ocrx_word' id='word_1_61' title='bbox 771 1258 1000 1338; x_wconf 75' lang='lat' dir='ltr'><strong>XX2Maior,</strong></span> <span class='ocrx_word' id='word_1_62' title='bbox 1012 1257 1175 1342; x_wconf 88' lang='lat' dir='ltr'><strong>superior</strong></span> <span class='ocrx_word' id='word_1_63' title='bbox 1216 1229 1355 1334; x_wconf 48' lang='lat' dir='ltr'><strong>copiiisstctyin</strong></span> 
     </span>
     <span class='ocr_line' id='line_1_10' title="bbox 187 1336 1332 1443; baseline 0.004 -21"><span class='ocrx_word' id='word_1_64' title='bbox 187 1361 246 1422; x_wconf 91' lang='lat' dir='ltr'><strong>vel</strong></span> <span class='ocrx_word' id='word_1_65' title='bbox 269 1362 427 1443; x_wconf 88' lang='lat' dir='ltr'><strong>prelatus</strong></span> <span class='ocrx_word' id='word_1_66' title='bbox 460 1361 622 1440; x_wconf 82' lang='lat' dir='ltr'><strong>ecclesie,</strong></span> <span class='ocrx_word' id='word_1_67' title='bbox 655 1363 765 1428; x_wconf 88' lang='lat' dir='ltr'><strong>debet</strong></span> <span class='ocrx_word' id='word_1_68' title='bbox 797 1365 947 1427; x_wconf 89' lang='lat' dir='ltr'><strong>subesse</strong></span> <span class='ocrx_word' id='word_1_69' title='bbox 978 1361 1173 1427; x_wconf 91' lang='lat' dir='ltr'><strong>ministerio</strong></span> <span class='ocrx_word' id='word_1_70' title='bbox 1237 1336 1332 1370; x_wconf 56' lang='lat' dir='ltr'><strong>&#39;‘mc“</strong></span> 
     </span>
    </p>

    <p class='ocr_par' dir='ltr' id='par_1_4' title="bbox 145 1463 1175 1965">
     <span class='ocr_line' id='line_1_11' title="bbox 145 1463 1174 1551; baseline 0.005 -25"><span class='ocrx_word' id='word_1_71' title='bbox 145 1463 260 1528; x_wconf 78' lang='lat' dir='ltr'><strong>tosuis</strong></span> <span class='ocrx_word' id='word_1_72' title='bbox 284 1465 445 1545; x_wconf 92' lang='lat' dir='ltr'><strong>subditis,</strong></span> <span class='ocrx_word' id='word_1_73' title='bbox 473 1487 543 1550; x_wconf 91' lang='lat' dir='ltr'><strong>que</strong></span> <span class='ocrx_word' id='word_1_74' title='bbox 571 1467 725 1531; x_wconf 87' lang='lat' dir='ltr'><strong>servitus</strong></span> <span class='ocrx_word' id='word_1_75' title='bbox 749 1469 831 1531; x_wconf 91' lang='lat' dir='ltr'><strong>dum</strong></span> <span class='ocrx_word' id='word_1_76' title='bbox 855 1467 1009 1531; x_wconf 86' lang='lat' dir='ltr'><strong>defuerit</strong></span> <span class='ocrx_word' id='word_1_77' title='bbox 1035 1468 1174 1551; x_wconf 90' lang='lat' dir='ltr'><strong>prelato</strong></span> 
     </span>
     <span class='ocr_line' id='line_1_12' title="bbox 188 1572 1175 1655; baseline 0.004 -24"><span class='ocrx_word' id='word_1_78' title='bbox 188 1587 334 1633; x_wconf 89' lang='lat' dir='ltr'><strong>cesareo</strong></span> <span class='ocrx_word' id='word_1_79' title='bbox 357 1590 430 1633; x_wconf 92' lang='lat' dir='ltr'><strong>non</strong></span> <span class='ocrx_word' id='word_1_80' title='bbox 453 1585 508 1635; x_wconf 90' lang='lat' dir='ltr'><strong>est</strong></span> <span class='ocrx_word' id='word_1_81' title='bbox 530 1592 634 1655; x_wconf 88' lang='lat' dir='ltr'><strong>papa,</strong></span> <span class='ocrx_word' id='word_1_82' title='bbox 657 1592 730 1635; x_wconf 92' lang='lat' dir='ltr'><strong>non</strong></span> <span class='ocrx_word' id='word_1_83' title='bbox 753 1572 844 1635; x_wconf 90' lang='lat' dir='ltr'><strong>enim</strong></span> <span class='ocrx_word' id='word_1_84' title='bbox 867 1573 975 1636; x_wconf 89' lang='lat' dir='ltr'><strong>habet</strong></span> <span class='ocrx_word' id='word_1_85' title='bbox 996 1593 1097 1636; x_wconf 87' lang='lat' dir='ltr'><strong>cesar</strong></span> <span class='ocrx_word' id='word_1_86' title='bbox 1117 1572 1175 1635; x_wconf 88' lang='lat' dir='ltr'><strong>vel</strong></span> 
     </span>
     <span class='ocr_line' id='line_1_13' title="bbox 187 1673 1174 1760; baseline 0.004 -25"><span class='ocrx_word' id='word_1_87' title='bbox 187 1673 288 1736; x_wconf 88' lang='lat' dir='ltr'><strong>Deus</strong></span> <span class='ocrx_word' id='word_1_88' title='bbox 311 1683 525 1756; x_wconf 86' lang='lat' dir='ltr'><strong>potestatem</strong></span> <span class='ocrx_word' id='word_1_89' title='bbox 554 1676 605 1740; x_wconf 91' lang='lat' dir='ltr'><strong>sic</strong></span> <span class='ocrx_word' id='word_1_90' title='bbox 628 1676 785 1739; x_wconf 92' lang='lat' dir='ltr'><strong>mutandi</strong></span> <span class='ocrx_word' id='word_1_91' title='bbox 813 1676 929 1740; x_wconf 90' lang='lat' dir='ltr'><strong>officia</strong></span> <span class='ocrx_word' id='word_1_92' title='bbox 956 1678 1174 1760; x_wconf 88' lang='lat' dir='ltr'><strong>prelatorum</strong></span> 
     </span>
     <span class='ocr_line' id='line_1_14' title="bbox 189 1777 1175 1863; baseline 0.004 -25"><span class='ocrx_word' id='word_1_93' title='bbox 189 1777 353 1856; x_wconf 85' lang='lat' dir='ltr'><strong>ecclesie,</strong></span> <span class='ocrx_word' id='word_1_94' title='bbox 377 1786 492 1842; x_wconf 89' lang='lat' dir='ltr'><strong>stante</strong></span> <span class='ocrx_word' id='word_1_95' title='bbox 507 1798 594 1842; x_wconf 87' lang='lat' dir='ltr'><strong>vero</strong></span> <span class='ocrx_word' id='word_1_96' title='bbox 611 1779 752 1843; x_wconf 86' lang='lat' dir='ltr'><strong>nomine</strong></span> <span class='ocrx_word' id='word_1_97' title='bbox 770 1799 891 1843; x_wconf 89' lang='lat' dir='ltr'><strong>eorum</strong></span> <span class='ocrx_word' id='word_1_98' title='bbox 907 1782 1004 1863; x_wconf 92' lang='lat' dir='ltr'><strong>quod</strong></span> <span class='ocrx_word' id='word_1_99' title='bbox 1015 1779 1175 1844; x_wconf 89' lang='lat' dir='ltr'><strong>Christus</strong></span> 
     </span>
     <span class='ocr_line' id='line_1_15' title="bbox 187 1879 1174 1965; baseline 0.005 -24"><span class='ocrx_word' id='word_1_100' title='bbox 187 1879 353 1961; x_wconf 88' lang='lat' dir='ltr'><strong>instituit;</strong></span> <span class='ocrx_word' id='word_1_101' title='bbox 367 1883 469 1946; x_wconf 89' lang='lat' dir='ltr'><strong>Deus</strong></span> <span class='ocrx_word' id='word_1_102' title='bbox 480 1882 571 1946; x_wconf 90' lang='lat' dir='ltr'><strong>enim</strong></span> <span class='ocrx_word' id='word_1_103' title='bbox 581 1903 651 1947; x_wconf 91' lang='lat' dir='ltr'><strong>non</strong></span> <span class='ocrx_word' id='word_1_104' title='bbox 662 1891 785 1965; x_wconf 88' lang='lat' dir='ltr'><strong>potest</strong></span> <span class='ocrx_word' id='word_1_105' title='bbox 796 1883 832 1946; x_wconf 92' lang='lat' dir='ltr'><strong>in</strong></span> <span class='ocrx_word' id='word_1_106' title='bbox 843 1882 1174 1960; x_wconf 89' lang='lat' dir='ltr'><strong>contradiccionem,</strong></span> 
     </span>
    </p>

    <p class='ocr_par' dir='ltr' id='par_1_5' title="bbox 147 1985 1176 2486">
     <span class='ocr_line' id='line_1_16' title="bbox 147 1985 1176 2070; baseline 0.003 -24"><span class='ocrx_word' id='word_1_107' title='bbox 147 1989 268 2047; x_wconf 67' lang='lat' dir='ltr'><strong>ticum</strong></span> <span class='ocrx_word' id='word_1_108' title='bbox 300 1994 384 2048; x_wconf 90' lang='lat' dir='ltr'><strong>tunc</strong></span> <span class='ocrx_word' id='word_1_109' title='bbox 416 1985 511 2049; x_wconf 88' lang='lat' dir='ltr'><strong>foret</strong></span> <span class='ocrx_word' id='word_1_110' title='bbox 543 1986 738 2051; x_wconf 88' lang='lat' dir='ltr'><strong>contrarius</strong></span> <span class='ocrx_word' id='word_1_111' title='bbox 767 1986 934 2070; x_wconf 91' lang='lat' dir='ltr'><strong>sibiipsi.</strong></span> <span class='ocrx_word' id='word_1_112' title='bbox 980 1987 1068 2050; x_wconf 89' lang='lat' dir='ltr'><strong>Ideo</strong></span> <span class='ocrx_word' id='word_1_113' title='bbox 1091 1986 1176 2049; x_wconf 89' lang='lat' dir='ltr'><strong>licet</strong></span> 
     </span>
     <span class='ocr_line' id='line_1_17' title="bbox 189 2088 1175 2174; baseline 0.001 -23"><span class='ocrx_word' id='word_1_114' title='bbox 189 2107 291 2151; x_wconf 85' lang='lat' dir='ltr'><strong>cesar</strong></span> <span class='ocrx_word' id='word_1_115' title='bbox 323 2088 472 2168; x_wconf 86' lang='lat' dir='ltr'><strong>ordinet,</strong></span> <span class='ocrx_word' id='word_1_116' title='bbox 505 2092 602 2174; x_wconf 92' lang='lat' dir='ltr'><strong>quod</strong></span> <span class='ocrx_word' id='word_1_117' title='bbox 633 2090 845 2173; x_wconf 83' lang='lat' dir='ltr'><strong>regulariter</strong></span> <span class='ocrx_word' id='word_1_118' title='bbox 873 2090 1066 2174; x_wconf 90' lang='lat' dir='ltr'><strong>episcopus</strong></span> <span class='ocrx_word' id='word_1_119' title='bbox 1089 2109 1175 2153; x_wconf 92' lang='lat' dir='ltr'><strong>suus</strong></span> 
     </span>
     <span class='ocr_line' id='line_1_18' title="bbox 188 2191 1175 2277; baseline 0.001 -23"><span class='ocrx_word' id='word_1_120' title='bbox 188 2191 300 2273; x_wconf 88' lang='lat' dir='ltr'><strong>presit</strong></span> <span class='ocrx_word' id='word_1_121' title='bbox 332 2191 407 2256; x_wconf 86' lang='lat' dir='ltr'><strong>aliis</strong></span> <span class='ocrx_word' id='word_1_122' title='bbox 440 2194 632 2277; x_wconf 87' lang='lat' dir='ltr'><strong>episcopis,</strong></span> <span class='ocrx_word' id='word_1_123' title='bbox 664 2194 870 2277; x_wconf 88' lang='lat' dir='ltr'><strong>recipiendo</strong></span> <span class='ocrx_word' id='word_1_124' title='bbox 895 2213 915 2256; x_wconf 90' lang='lat' dir='ltr'><strong>a</strong></span> <span class='ocrx_word' id='word_1_125' title='bbox 937 2202 1012 2258; x_wconf 90' lang='lat' dir='ltr'><strong>toto</strong></span> <span class='ocrx_word' id='word_1_126' title='bbox 1036 2193 1175 2277; x_wconf 92' lang='lat' dir='ltr'><strong>populo</strong></span> 
     </span>
     <span class='ocr_line' id='line_1_19' title="bbox 187 2296 1175 2382; baseline 0.001 -24"><span class='ocrx_word' id='word_1_127' title='bbox 187 2296 343 2359; x_wconf 84' lang='lat' dir='ltr'><strong>honores</strong></span> <span class='ocrx_word' id='word_1_128' title='bbox 367 2300 574 2377; x_wconf 69' lang='lat' dir='ltr'><strong>mundanos</strong></span> <span class='ocrx_word' id='word_1_129' title='bbox 599 2307 635 2363; x_wconf 92' lang='lat' dir='ltr'><strong>et</strong></span> <span class='ocrx_word' id='word_1_130' title='bbox 651 2307 748 2364; x_wconf 91' lang='lat' dir='ltr'><strong>totus</strong></span> <span class='ocrx_word' id='word_1_131' title='bbox 764 2300 921 2382; x_wconf 91' lang='lat' dir='ltr'><strong>populus</strong></span> <span class='ocrx_word' id='word_1_132' title='bbox 938 2298 1053 2363; x_wconf 90' lang='lat' dir='ltr'><strong>subsit</strong></span> <span class='ocrx_word' id='word_1_133' title='bbox 1068 2316 1175 2379; x_wconf 88' lang='lat' dir='ltr'><strong>gene·</strong></span> 
     </span>
     <span class='ocr_line' id='line_1_20' title="bbox 187 2399 1175 2486; baseline 0.001 -24"><span class='ocrx_word' id='word_1_134' title='bbox 187 2399 308 2463; x_wconf 87' lang='lat' dir='ltr'><strong>raliter</strong></span> <span class='ocrx_word' id='word_1_135' title='bbox 331 2421 396 2465; x_wconf 93' lang='lat' dir='ltr'><strong>suo</strong></span> <span class='ocrx_word' id='word_1_136' title='bbox 420 2404 579 2486; x_wconf 88' lang='lat' dir='ltr'><strong>decreto,</strong></span> <span class='ocrx_word' id='word_1_137' title='bbox 601 2423 674 2467; x_wconf 91' lang='lat' dir='ltr'><strong>non</strong></span> <span class='ocrx_word' id='word_1_138' title='bbox 696 2412 888 2486; x_wconf 88' lang='lat' dir='ltr'><strong>propterea</strong></span> <span class='ocrx_word' id='word_1_139' title='bbox 904 2402 1064 2486; x_wconf 87' lang='lat' dir='ltr'><strong>sequitur</strong></span> <span class='ocrx_word' id='word_1_140' title='bbox 1079 2401 1175 2484; x_wconf 92' lang='lat' dir='ltr'><strong>quod</strong></span> 
     </span>
    </p>

    <p class='ocr_par' dir='ltr' id='par_1_6' title="bbox 145 2502 1370 3108">
     <span class='ocr_line' id='line_1_21' title="bbox 145 2502 1177 2590; baseline 0.002 -25"><span class='ocrx_word' id='word_1_141' title='bbox 145 2527 178 2560; x_wconf 88' lang='lat'><strong>20</strong></span> <span class='ocrx_word' id='word_1_142' title='bbox 190 2502 236 2566; x_wconf 91' lang='lat' dir='ltr'><strong>sit</strong></span> <span class='ocrx_word' id='word_1_143' title='bbox 258 2523 364 2587; x_wconf 80' lang='lat' dir='ltr'><strong>papa3</strong></span> <span class='ocrx_word' id='word_1_144' title='bbox 395 2506 464 2569; x_wconf 93' lang='lat' dir='ltr'><strong>hoc</strong></span> <span class='ocrx_word' id='word_1_145' title='bbox 493 2506 584 2569; x_wconf 91' lang='lat' dir='ltr'><strong>enim</strong></span> <span class='ocrx_word' id='word_1_146' title='bbox 612 2514 736 2589; x_wconf 91' lang='lat' dir='ltr'><strong>potest</strong></span> <span class='ocrx_word' id='word_1_147' title='bbox 768 2514 973 2590; x_wconf 89' lang='lat' dir='ltr'><strong>competere</strong></span> <span class='ocrx_word' id='word_1_148' title='bbox 1004 2506 1109 2588; x_wconf 91' lang='lat' dir='ltr'><strong>layco</strong></span> <span class='ocrx_word' id='word_1_149' title='bbox 1137 2513 1177 2567; x_wconf 96' lang='lat' dir='ltr'><strong>ut</strong></span> 
     </span>
     <span class='ocr_line' id='line_1_22' title="bbox 190 2607 1174 2693; baseline 0.002 -24"><span class='ocrx_word' id='word_1_150' title='bbox 190 2607 302 2670; x_wconf 86' lang='lat' dir='ltr'><strong>cesari</strong></span> <span class='ocrx_word' id='word_1_151' title='bbox 334 2609 392 2671; x_wconf 88' lang='lat' dir='ltr'><strong>vel</strong></span> <span class='ocrx_word' id='word_1_152' title='bbox 425 2608 482 2672; x_wconf 92' lang='lat' dir='ltr'><strong>alii</strong></span> <span class='ocrx_word' id='word_1_153' title='bbox 514 2609 654 2673; x_wconf 87' lang='lat' dir='ltr'><strong>abiecto</strong></span> <span class='ocrx_word' id='word_1_154' title='bbox 686 2612 844 2673; x_wconf 88' lang='lat' dir='ltr'><strong>membro</strong></span> <span class='ocrx_word' id='word_1_155' title='bbox 869 2608 1022 2693; x_wconf 90' lang='lat' dir='ltr'><strong>dyaboli.</strong></span> <span class='ocrx_word' id='word_1_156' title='bbox 1061 2607 1174 2672; x_wconf 89' lang='lat' dir='ltr'><strong>Racio</strong></span> 
     </span>
     <span class='ocr_line' id='line_1_23' title="bbox 189 2709 1175 2794; baseline 0.002 -22"><span class='ocrx_word' id='word_1_157' title='bbox 189 2709 298 2792; x_wconf 89' lang='lat' dir='ltr'><strong>igitur</strong></span> <span class='ocrx_word' id='word_1_158' title='bbox 319 2722 472 2794; x_wconf 91' lang='lat' dir='ltr'><strong>papatus</strong></span> <span class='ocrx_word' id='word_1_159' title='bbox 497 2713 660 2780; x_wconf 88' lang='lat' dir='ltr'><strong>consistit</strong></span> <span class='ocrx_word' id='word_1_160' title='bbox 682 2713 717 2777; x_wconf 92' lang='lat' dir='ltr'><strong>in</strong></span> <span class='ocrx_word' id='word_1_161' title='bbox 735 2712 910 2778; x_wconf 91' lang='lat' dir='ltr'><strong>humiliori</strong></span> <span class='ocrx_word' id='word_1_162' title='bbox 935 2712 1053 2776; x_wconf 87' lang='lat' dir='ltr'><strong>officio</strong></span> <span class='ocrx_word' id='word_1_163' title='bbox 1077 2711 1175 2775; x_wconf 90' lang='lat' dir='ltr'><strong>mini·</strong></span> 
     </span>
     <span class='ocr_line' id='line_1_24' title="bbox 190 2815 1175 2897; baseline 0.004 -22"><span class='ocrx_word' id='word_1_164' title='bbox 190 2816 333 2897; x_wconf 89' lang='lat' dir='ltr'><strong>strandi,</strong></span> <span class='ocrx_word' id='word_1_165' title='bbox 365 2816 458 2880; x_wconf 90' lang='lat' dir='ltr'><strong>sicut</strong></span> <span class='ocrx_word' id='word_1_166' title='bbox 488 2818 589 2881; x_wconf 87' lang='lat' dir='ltr'><strong>stetit</strong></span> <span class='ocrx_word' id='word_1_167' title='bbox 619 2818 655 2882; x_wconf 92' lang='lat' dir='ltr'><strong>in</strong></span> <span class='ocrx_word' id='word_1_168' title='bbox 687 2821 796 2882; x_wconf 88' lang='lat' dir='ltr'><strong>beato</strong></span> <span class='ocrx_word' id='word_1_169' title='bbox 827 2818 938 2881; x_wconf 89' lang='lat' dir='ltr'><strong>Petro</strong></span> <span class='ocrx_word' id='word_1_170' title='bbox 970 2827 1006 2881; x_wconf 90' lang='lat' dir='ltr'><strong>et</strong></span> <span class='ocrx_word' id='word_1_171' title='bbox 1038 2815 1175 2897; x_wconf 89' lang='lat' dir='ltr'><strong>ceteris,</strong></span> 
     </span>
     <span class='ocr_line' id='line_1_25' title="bbox 190 2919 1008 2999; baseline 0.01 -20"><span class='ocrx_word' id='word_1_172' title='bbox 190 2919 287 2999; x_wconf 92' lang='lat' dir='ltr'><strong>quod</strong></span> <span class='ocrx_word' id='word_1_173' title='bbox 311 2919 420 2983; x_wconf 92' lang='lat' dir='ltr'><strong>solius</strong></span> <span class='ocrx_word' id='word_1_174' title='bbox 444 2919 515 2985; x_wconf 88' lang='lat' dir='ltr'><strong>Dei</strong></span> <span class='ocrx_word' id='word_1_175' title='bbox 539 2930 594 2984; x_wconf 90' lang='lat' dir='ltr'><strong>est</strong></span> <span class='ocrx_word' id='word_1_176' title='bbox 619 2929 779 2985; x_wconf 88' lang='lat' dir='ltr'><strong>creature</strong></span> <span class='ocrx_word' id='word_1_177' title='bbox 803 2922 1008 2987; x_wconf 87' lang='lat' dir='ltr'><strong>concedere.</strong></span> 
     </span>
     <span class='ocr_line' id='line_1_26' title="bbox 146 3021 1370 3108; baseline 0.004 -24"><span class='ocrx_word' id='word_1_178' title='bbox 146 3035 177 3085; x_wconf 85' lang='lat'><strong>25</strong></span> <span class='ocrx_word' id='word_1_179' title='bbox 232 3021 279 3084; x_wconf 90' lang='lat' dir='ltr'><strong>Et</strong></span> <span class='ocrx_word' id='word_1_180' title='bbox 301 3031 410 3106; x_wconf 88' lang='lat' dir='ltr'><strong>patet,</strong></span> <span class='ocrx_word' id='word_1_181' title='bbox 434 3025 531 3107; x_wconf 92' lang='lat' dir='ltr'><strong>quod</strong></span> <span class='ocrx_word' id='word_1_182' title='bbox 554 3025 666 3108; x_wconf 84' lang='lat' dir='ltr'><strong>magis</strong></span> <span class='ocrx_word' id='word_1_183' title='bbox 689 3024 892 3108; x_wconf 88' lang='lat' dir='ltr'><strong>periculosa</strong></span> <span class='ocrx_word' id='word_1_184' title='bbox 911 3021 1064 3087; x_wconf 90' lang='lat' dir='ltr'><strong>mutacio</strong></span> <span class='ocrx_word' id='word_1_185' title='bbox 1079 3022 1176 3104; x_wconf 77' lang='lat' dir='ltr'><strong>regis</strong></span> <span class='ocrx_word' id='word_1_186' title='bbox 1207 3044 1328 3089; x_wconf 70' lang='lat' dir='ltr'><strong>Ambinon</strong></span> <span class='ocrx_word' id='word_1_187' title='bbox 1343 3045 1370 3089; x_wconf 83' lang='lat' dir='ltr'><strong>ot</strong></span> 
     </span>
    </p>
   </div>
   <div class='ocr_carea' id='block_1_3' title="bbox 191 3097 1370 3213">
    <p class='ocr_par' dir='ltr' id='par_1_7' title="bbox 191 3097 1370 3213">
     <span class='ocr_line' id='line_1_27' title="bbox 327 3097 1370 3145; baseline 0 -3"><span class='ocrx_word' id='word_1_188' title='bbox 327 3127 334 3142; x_wconf 88' lang='lat'><strong>.</strong></span> <span class='ocrx_word' id='word_1_189' title='bbox 504 3131 511 3145; x_wconf 94' lang='lat'><strong>.</strong></span> <span class='ocrx_word' id='word_1_190' title='bbox 1088 3127 1096 3142; x_wconf 89' lang='lat'><strong>.</strong></span> <span class='ocrx_word' id='word_1_191' title='bbox 1211 3097 1278 3141; x_wconf 78' lang='lat' dir='ltr'><strong>office</strong></span> <span class='ocrx_word' id='word_1_192' title='bbox 1292 3098 1370 3142; x_wconf 74' lang='lat' dir='ltr'><strong>shows</strong></span> 
     </span>
     <span class='ocr_line' id='line_1_28' title="bbox 191 3129 1361 3213; baseline 0.005 -26"><span class='ocrx_word' id='word_1_193' title='bbox 191 3131 359 3208; x_wconf 74' lang='lat' dir='ltr'><strong>superbie</strong></span> <span class='ocrx_word' id='word_1_194' title='bbox 397 3136 467 3194; x_wconf 89' lang='lat' dir='ltr'><strong>stat</strong></span> <span class='ocrx_word' id='word_1_195' title='bbox 503 3150 538 3192; x_wconf 83' lang='lat' dir='ltr'><strong>tn</strong></span> <span class='ocrx_word' id='word_1_196' title='bbox 575 3131 645 3194; x_wconf 96' lang='lat' dir='ltr'><strong>hoc</strong></span> <span class='ocrx_word' id='word_1_197' title='bbox 683 3131 781 3213; x_wconf 92' lang='lat' dir='ltr'><strong>quod</strong></span> <span class='ocrx_word' id='word_1_198' title='bbox 818 3137 969 3192; x_wconf 83' lang='lat' dir='ltr'><strong>excecat</strong></span> <span class='ocrx_word' id='word_1_199' title='bbox 1004 3129 1176 3204; x_wconf 77' lang='lat' dir='ltr'><strong>hommeS,</strong></span> <span class='ocrx_word' id='word_1_200' title='bbox 1217 3150 1361 3194; x_wconf 63' lang='lat' dir='ltr'><strong>nuruum</strong></span> 
     </span>
    </p>
   </div>
   <div class='ocr_carea' id='block_1_4' title="bbox 97 3203 1360 3733">
    <p class='ocr_par' dir='ltr' id='par_1_8' title="bbox 97 3203 1360 3733">
     <span class='ocr_line' id='line_1_29' title="bbox 190 3203 1360 3313; baseline 0.005 -21"><span class='ocrx_word' id='word_1_201' title='bbox 190 3232 358 3295; x_wconf 90' lang='lat' dir='ltr'><strong>mutando</strong></span> <span class='ocrx_word' id='word_1_202' title='bbox 390 3234 595 3297; x_wconf 88' lang='lat' dir='ltr'><strong>sacerdotes</strong></span> <span class='ocrx_word' id='word_1_203' title='bbox 627 3234 674 3296; x_wconf 91' lang='lat' dir='ltr'><strong>ad</strong></span> <span class='ocrx_word' id='word_1_204' title='bbox 707 3233 917 3296; x_wconf 90' lang='lat' dir='ltr'><strong>contrarium</strong></span> <span class='ocrx_word' id='word_1_205' title='bbox 948 3230 1056 3294; x_wconf 88' lang='lat' dir='ltr'><strong>officii</strong></span> <span class='ocrx_word' id='word_1_206' title='bbox 1079 3230 1177 3313; x_wconf 92' lang='lat' dir='ltr'><strong>quod</strong></span> <span class='ocrx_word' id='word_1_207' title='bbox 1221 3203 1360 3310; x_wconf 58' lang='lat' dir='ltr'><strong>iiiiai’i‘iy</strong></span> 
     </span>
     <span class='ocr_line' id='line_1_30' title="bbox 191 3308 1327 3421; baseline -0.002 -24"><span class='ocrx_word' id='word_1_208' title='bbox 191 3332 351 3400; x_wconf 88' lang='lat' dir='ltr'><strong>Christus</strong></span> <span class='ocrx_word' id='word_1_209' title='bbox 384 3336 435 3400; x_wconf 91' lang='lat' dir='ltr'><strong>eis</strong></span> <span class='ocrx_word' id='word_1_210' title='bbox 471 3336 631 3402; x_wconf 82' lang='lat' dir='ltr'><strong>instituit</strong></span> <span class='ocrx_word' id='word_1_211' title='bbox 675 3336 896 3421; x_wconf 86' lang='lat' dir='ltr'><strong>Equivocato</strong></span> <span class='ocrx_word' id='word_1_212' title='bbox 934 3335 1025 3398; x_wconf 90' lang='lat' dir='ltr'><strong>enim</strong></span> <span class='ocrx_word' id='word_1_213' title='bbox 1056 3333 1174 3397; x_wconf 87' lang='lat' dir='ltr'><strong>officio</strong></span> <span class='ocrx_word' id='word_1_214' title='bbox 1246 3308 1327 3352; x_wconf 73' lang='lat'><strong>⁸⁸¹⁸¹¹&#39;</strong></span> 
     </span>
     <span class='ocr_line' id='line_1_31' title="bbox 189 3436 1175 3525; baseline -0.003 -23"><span class='ocrx_word' id='word_1_215' title='bbox 189 3459 339 3504; x_wconf 86' lang='lat' dir='ltr'><strong>necesse</strong></span> <span class='ocrx_word' id='word_1_216' title='bbox 371 3449 426 3505; x_wconf 88' lang='lat' dir='ltr'><strong>est</strong></span> <span class='ocrx_word' id='word_1_217' title='bbox 457 3451 496 3505; x_wconf 95' lang='lat' dir='ltr'><strong>ut</strong></span> <span class='ocrx_word' id='word_1_218' title='bbox 526 3443 726 3525; x_wconf 84' lang='lat' dir='ltr'><strong>producant</strong></span> <span class='ocrx_word' id='word_1_219' title='bbox 756 3440 942 3504; x_wconf 89' lang='lat' dir='ltr'><strong>ecclesiam</strong></span> <span class='ocrx_word' id='word_1_220' title='bbox 975 3447 1012 3502; x_wconf 88' lang='lat' dir='ltr'><strong>et</strong></span> <span class='ocrx_word' id='word_1_221' title='bbox 1039 3436 1175 3501; x_wconf 88' lang='lat' dir='ltr'><strong>fructus</strong></span> 
     </span>
     <span class='ocr_line' id='line_1_32' title="bbox 147 3541 1174 3629; baseline -0.005 -21"><span class='ocrx_word' id='word_1_222' title='bbox 147 3543 428 3626; x_wconf 81' lang='lat' dir='ltr'><strong>3oequivocatos</strong></span> <span class='ocrx_word' id='word_1_223' title='bbox 452 3547 498 3608; x_wconf 89' lang='lat' dir='ltr'><strong>Et</strong></span> <span class='ocrx_word' id='word_1_224' title='bbox 517 3554 617 3629; x_wconf 89' lang='lat' dir='ltr'><strong>patet</strong></span> <span class='ocrx_word' id='word_1_225' title='bbox 637 3544 852 3628; x_wconf 82' lang='lat' dir='ltr'><strong>generaliter</strong></span> <span class='ocrx_word' id='word_1_226' title='bbox 868 3545 912 3607; x_wconf 90' lang='lat' dir='ltr'><strong>de</strong></span> <span class='ocrx_word' id='word_1_227' title='bbox 936 3541 1031 3605; x_wconf 89' lang='lat' dir='ltr'><strong>omni</strong></span> <span class='ocrx_word' id='word_1_228' title='bbox 1052 3549 1174 3605; x_wconf 89' lang='lat' dir='ltr'><strong>curato</strong></span> 
     </span>
     <span class='ocr_line' id='line_1_33' title="bbox 97 3644 1177 3733; baseline -0.006 -20"><span class='ocrx_word' id='word_1_229' title='bbox 97 3663 164 3716; x_wconf 83' lang='grc'><strong>252·</strong></span> <span class='ocrx_word' id='word_1_230' title='bbox 190 3648 268 3710; x_wconf 88' lang='lat' dir='ltr'><strong>sive</strong></span> <span class='ocrx_word' id='word_1_231' title='bbox 288 3649 516 3732; x_wconf 71' lang='lat' dir='ltr'><strong>{presbitero</strong></span> <span class='ocrx_word' id='word_1_232' title='bbox 548 3653 644 3733; x_wconf 91' lang='lat' dir='ltr'><strong>quod</strong></span> <span class='ocrx_word' id='word_1_233' title='bbox 677 3669 696 3711; x_wconf 91' lang='lat' dir='ltr'><strong>a</strong></span> <span class='ocrx_word' id='word_1_234' title='bbox 728 3649 830 3730; x_wconf 82' lang='lat' dir='ltr'><strong>signo</strong></span> <span class='ocrx_word' id='word_1_235' title='bbox 862 3648 966 3711; x_wconf 89' lang='lat' dir='ltr'><strong>valde</strong></span> <span class='ocrx_word' id='word_1_236' title='bbox 1000 3644 1177 3729; x_wconf 92' lang='lat' dir='ltr'><strong>probabili</strong></span> 
     </span>
    </p>
   </div>
   <div class='ocr_carea' id='block_1_5' title="bbox 190 3750 1177 3839">
    <p class='ocr_par' dir='ltr' id='par_1_9' title="bbox 190 3750 1177 3839">
     <span class='ocr_line' id='line_1_34' title="bbox 190 3750 1177 3839; baseline -0.002 -25"><span class='ocrx_word' id='word_1_237' title='bbox 190 3752 334 3839; x_wconf 84' lang='lat' dir='ltr'><strong>indigne</strong></span> <span class='ocrx_word' id='word_1_238' title='bbox 367 3753 503 3838; x_wconf 89' lang='lat' dir='ltr'><strong>appetit</strong></span> <span class='ocrx_word' id='word_1_239' title='bbox 534 3753 689 3837; x_wconf 88' lang='lat' dir='ltr'><strong>pastoris</strong></span> <span class='ocrx_word' id='word_1_240' title='bbox 727 3752 892 3831; x_wconf 83' lang='lat' dir='ltr'><strong>officium,</strong></span> <span class='ocrx_word' id='word_1_241' title='bbox 930 3750 1070 3835; x_wconf 90' lang='lat' dir='ltr'><strong>quando</strong></span> <span class='ocrx_word' id='word_1_242' title='bbox 1106 3758 1177 3813; x_wconf 86' lang='lat' dir='ltr'><strong>tam</strong></span> 
     </span>
    </p>
   </div>
   <div class='ocr_carea' id='block_1_6' title="bbox 191 4006 1178 4136">
    <p class='ocr_par' dir='ltr' id='par_1_10' title="bbox 191 4006 1178 4136">
     <span class='ocr_line' id='line_1_35' title="bbox 242 4006 1178 4066; baseline -0.006 -12"><span class='ocrx_word' id='word_1_243' title='bbox 242 4024 258 4065; x_wconf 85' lang='lat'>4</span> <span class='ocrx_word' id='word_1_244' title='bbox 281 4009 369 4055; x_wconf 74' lang='lat' dir='ltr'><strong>Cora:</strong></span> <span class='ocrx_word' id='word_1_245' title='bbox 384 4009 533 4066; x_wconf 73' lang='lat' dir='ltr'><strong>Augustinus.</strong></span> <span class='ocrx_word' id='word_1_246' title='bbox 590 4010 610 4055; x_wconf 88' lang='lat'><strong>8.</strong></span> <span class='ocrx_word' id='word_1_247' title='bbox 631 4010 686 4054; x_wconf 87' lang='lat' dir='ltr'><strong>Bin</strong></span> <span class='ocrx_word' id='word_1_248' title='bbox 702 4022 788 4066; x_wconf 53' lang='lat' dir='ltr'><strong>murga</strong></span> <span class='ocrx_word' id='word_1_249' title='bbox 807 4009 915 4053; x_wconf 76' lang='lat' dir='ltr'><strong>Prelatur</strong></span> <span class='ocrx_word' id='word_1_250' title='bbox 934 4019 988 4052; x_wconf 79' lang='lat' dir='ltr'><strong>vere</strong></span> <span class='ocrx_word' id='word_1_251' title='bbox 1008 4018 1053 4051; x_wconf 82' lang='lat' dir='ltr'><strong>non</strong></span> <span class='ocrx_word' id='word_1_252' title='bbox 1072 4011 1107 4050; x_wconf 77' lang='lat' dir='ltr'><strong>est</strong></span> <span class='ocrx_word' id='word_1_253' title='bbox 1124 4006 1178 4049; x_wconf 82' lang='lat' dir='ltr'><strong>dum</strong></span> 
     </span>
     <span class='ocr_line' id='line_1_36' title="bbox 191 4079 549 4136; baseline 0.003 -14"><span class='ocrx_word' id='word_1_254' title='bbox 191 4080 278 4123; x_wconf 74' lang='lat' dir='ltr'><strong>viciose</strong></span> <span class='ocrx_word' id='word_1_255' title='bbox 291 4079 370 4136; x_wconf 65' lang='lat' dir='ltr'><strong>deficit</strong></span> <span class='ocrx_word' id='word_1_256' title='bbox 382 4093 397 4125; x_wconf 85' lang='lat' dir='ltr'><strong>a</strong></span> <span class='ocrx_word' id='word_1_257' title='bbox 411 4081 549 4124; x_wconf 74' lang='lat' dir='ltr'><strong>nunlrterr&#39;o.</strong></span> 
     </span>
    </p>
   </div>
   <div class='ocr_carea' id='block_1_7' title="bbox 193 4201 1178 4365">
    <p class='ocr_par' dir='ltr' id='par_1_11' title="bbox 193 4201 1178 4365">
     <span class='ocr_line' id='line_1_37' title="bbox 244 4201 1178 4272; baseline -0.006 -16"><span class='ocrx_word' id='word_1_258' title='bbox 244 4219 268 4266; x_wconf 83' lang='lat'><strong>4.</strong></span> <span class='ocrx_word' id='word_1_259' title='bbox 288 4207 472 4257; x_wconf 82' lang='lat' dir='ltr'><strong>videturesse</strong></span> <span class='ocrx_word' id='word_1_260' title='bbox 492 4207 540 4272; x_wconf 84' lang='lat' dir='ltr'><strong>Ep.</strong></span> <span class='ocrx_word' id='word_1_261' title='bbox 554 4206 682 4257; x_wconf 78' lang='lat' dir='ltr'>CXXXIV</span> <span class='ocrx_word' id='word_1_262' title='bbox 702 4207 733 4256; x_wconf 82' lang='lat' dir='ltr'><strong>ad</strong></span> <span class='ocrx_word' id='word_1_263' title='bbox 747 4205 910 4271; x_wconf 79' lang='lat' dir='ltr'><strong>Apringium,</strong></span> <span class='ocrx_word' id='word_1_264' title='bbox 929 4203 973 4254; x_wconf 89' lang='lat' dir='ltr'><strong>ubi</strong></span> <span class='ocrx_word' id='word_1_265' title='bbox 992 4202 1075 4268; x_wconf 82' lang='lat' dir='ltr'><strong>leges:</strong></span> <span class='ocrx_word' id='word_1_266' title='bbox 1096 4201 1178 4251; x_wconf 81' lang='lat' dir='ltr'><strong>Cuius</strong></span> 
     </span>
     <span class='ocr_line' id='line_1_38' title="bbox 193 4289 1177 4365; baseline -0.003 -20"><span class='ocrx_word' id='word_1_267' title='bbox 193 4295 345 4346; x_wconf 81' lang='lat' dir='ltr'><strong>utilitatibus</strong></span> <span class='ocrx_word' id='word_1_268' title='bbox 364 4297 461 4365; x_wconf 84' lang='lat' dir='ltr'><strong>servio,</strong></span> <span class='ocrx_word' id='word_1_269' title='bbox 480 4296 521 4345; x_wconf 92' lang='lat' dir='ltr'><strong>cui</strong></span> <span class='ocrx_word' id='word_1_270' title='bbox 540 4304 661 4344; x_wconf 75' lang='lat' dir='ltr'><strong>nontam</strong></span> <span class='ocrx_word' id='word_1_271' title='bbox 675 4308 798 4359; x_wconf 78' lang='lat' dir='ltr'><strong>praeesse</strong></span> <span class='ocrx_word' id='word_1_272' title='bbox 811 4307 890 4359; x_wconf 78' lang='lat' dir='ltr'><strong>quom</strong></span> <span class='ocrx_word' id='word_1_273' title='bbox 904 4291 1032 4356; x_wconf 81' lang='lat' dir='ltr'><strong>prodesse</strong></span> <span class='ocrx_word' id='word_1_274' title='bbox 1045 4289 1177 4342; x_wconf 82' lang='lat' dir='ltr'><strong>desidero.</strong></span> 
     </span>
    </p>
   </div>
   <div class='ocr_carea' id='block_1_8' title="bbox 0 0 1523 5026">
    <p class='ocr_par' dir='ltr' id='par_1_12' title="bbox 0 0 1523 5026">
     <span class='ocr_line' id='line_1_39' title="bbox 0 0 1523 5026; baseline 0 0"><span class='ocrx_word' id='word_1_275' title='bbox 0 0 1523 5026; x_wconf 95' lang='lat' dir='ltr'><strong> </strong></span> 
     </span>
    </p>
   </div>
  </div>
 </body>
</html>
