<?xml version="1.0" encoding="UTF-8"?>
<!DOCTYPE html PUBLIC "-//W3C//DTD XHTML 1.0 Transitional//EN"
    "http://www.w3.org/TR/xhtml1/DTD/xhtml1-transitional.dtd">
<html xmlns="http://www.w3.org/1999/xhtml" xml:lang="en" lang="en">
 <head>
  <title>
</title>
<meta http-equiv="Content-Type" content="text/html;charset=utf-8" />
  <meta name='ocr-system' content='tesseract 3.04.00' />
  <meta name='ocr-capabilities' content='ocr_page ocr_carea ocr_par ocr_line ocrx_word'/>
</head>
<body>
  <div class='ocr_page' id='page_1' title='image "./johanniswyclift00mattgoog_0258.png"; bbox 0 0 3008 5026; ppageno 0'>
   <div class='ocr_carea' id='block_1_1' title="bbox 154 380 847 461">
    <p class='ocr_par' dir='ltr' id='par_1_1' title="bbox 154 380 847 461">
     <span class='ocr_line' id='line_1_1' title="bbox 154 380 847 461; baseline 0.026 -28"><span class='ocrx_word' id='word_1_1' title='bbox 154 392 221 435; x_wconf 80' lang='lat' dir='ltr'><em>CAP.</em></span> <span class='ocrx_word' id='word_1_2' title='bbox 237 380 288 461; x_wconf 73' lang='lat' dir='ltr'><em>lx]</em></span> <span class='ocrx_word' id='word_1_3' title='bbox 455 399 499 448; x_wconf 88' lang='lat' dir='ltr'><em>DE</em></span> <span class='ocrx_word' id='word_1_4' title='bbox 518 399 708 450; x_wconf 79' lang='lat' dir='ltr'>POTESTAT</span> <span class='ocrx_word' id='word_1_5' title='bbox 709 400 729 449; x_wconf 87' lang='lat' dir='ltr'>E</span> <span class='ocrx_word' id='word_1_6' title='bbox 750 401 847 452; x_wconf 79' lang='grc' dir='ltr'>ΡΑΡΕ,</span> 
     </span>
    </p>
   </div>
   <div class='ocr_carea' id='block_1_2' title="bbox 113 553 1351 3570">
    <p class='ocr_par' dir='ltr' id='par_1_2' title="bbox 131 553 1143 1148">
     <span class='ocr_line' id='line_1_2' title="bbox 153 553 1142 640; baseline 0.006 -24"><span class='ocrx_word' id='word_1_7' title='bbox 153 556 283 635; x_wconf 77' lang='lat' dir='ltr'><strong><em>singuli</em></strong></span> <span class='ocrx_word' id='word_1_8' title='bbox 297 557 517 619; x_wconf 78' lang='lat' dir='ltr'><em>ecclesiarum</em></span> <span class='ocrx_word' id='word_1_9' title='bbox 533 557 691 639; x_wconf 82' lang='lat' dir='ltr'><em>episcopi,</em></span> <span class='ocrx_word' id='word_1_10' title='bbox 714 553 843 638; x_wconf 85' lang='lat' dir='ltr'><em>singuli</em></span> <span class='ocrx_word' id='word_1_11' title='bbox 858 559 1142 640; x_wconf 78' lang='lat' dir='ltr'><em>archipresbiteri,</em></span> 
     </span>
     <span class='ocr_line' id='line_1_3' title="bbox 154 661 1143 741; baseline 0.006 -18"><span class='ocrx_word' id='word_1_12' title='bbox 154 661 283 741; x_wconf 80' lang='lat' dir='ltr'><em>singuli</em></span> <span class='ocrx_word' id='word_1_13' title='bbox 313 661 551 724; x_wconf 82' lang='lat' dir='ltr'><em>archidiaconi</em></span> <span class='ocrx_word' id='word_1_14' title='bbox 581 667 612 724; x_wconf 84' lang='lat' dir='ltr'><em>ci</em></span> <span class='ocrx_word' id='word_1_15' title='bbox 642 663 756 725; x_wconf 84' lang='lat' dir='ltr'><em>omnis</em></span> <span class='ocrx_word' id='word_1_16' title='bbox 787 664 871 725; x_wconf 85' lang='lat' dir='ltr'><em>ordo</em></span> <span class='ocrx_word' id='word_1_17' title='bbox 899 665 1143 729; x_wconf 79' lang='lat' dir='ltr'><em>ecclesiasticus</em></span> 
     </span>
     <span class='ocr_line' id='line_1_4' title="bbox 154 764 1143 851; baseline 0.007 -25"><span class='ocrx_word' id='word_1_18' title='bbox 154 766 227 827; x_wconf 85' lang='lat' dir='ltr'><em>suis</em></span> <span class='ocrx_word' id='word_1_19' title='bbox 262 766 451 829; x_wconf 80' lang='lat' dir='ltr'><em>rectoribus</em></span> <span class='ocrx_word' id='word_1_20' title='bbox 488 767 655 829; x_wconf 77' lang='lat' dir='ltr'><em>innititur.</em></span> <span class='ocrx_word' id='word_1_21' title='bbox 701 764 856 849; x_wconf 88' lang='lat' dir='ltr'>Oportet</span> <span class='ocrx_word' id='word_1_22' title='bbox 894 767 1002 851; x_wconf 87' lang='lat' dir='ltr'><em>igitur</em></span> <span class='ocrx_word' id='word_1_23' title='bbox 1038 789 1143 833; x_wconf 89' lang='lat' dir='ltr'><em>unam</em></span> 
     </span>
     <span class='ocr_line' id='line_1_5' title="bbox 155 868 1143 938; baseline 0.009 -8"><span class='ocrx_word' id='word_1_24' title='bbox 155 868 360 933; x_wconf 85' lang='lat' dir='ltr'><em>militantem</em></span> <span class='ocrx_word' id='word_1_25' title='bbox 384 869 569 934; x_wconf 87' lang='lat' dir='ltr'><em>ecclesiam</em></span> <span class='ocrx_word' id='word_1_26' title='bbox 592 872 722 935; x_wconf 86' lang='lat' dir='ltr'><em>habere</em></span> <span class='ocrx_word' id='word_1_27' title='bbox 746 882 1020 937; x_wconf 83' lang='lat' dir='ltr'><em>conversantem</em></span> <span class='ocrx_word' id='word_1_28' title='bbox 1036 895 1143 938; x_wconf 89' lang='lat' dir='ltr'><em>unum</em></span> 
     </span>
     <span class='ocr_line' id='line_1_6' title="bbox 131 973 1143 1061; baseline 0.002 -21"><span class='ocrx_word' id='word_1_29' title='bbox 131 973 384 1057; x_wconf 78' lang='lat' dir='ltr'><em>5prepositum‚</em></span> <span class='ocrx_word' id='word_1_30' title='bbox 422 995 500 1038; x_wconf 89' lang='lat' dir='ltr'><em>cum</em></span> <span class='ocrx_word' id='word_1_31' title='bbox 539 976 731 1039; x_wconf 91' lang='lat' dir='ltr'><em>secundum</em></span> <span class='ocrx_word' id='word_1_32' title='bbox 764 976 996 1061; x_wconf 90' lang='lat' dir='ltr'><em>philosophos</em></span> <span class='ocrx_word' id='word_1_33' title='bbox 1029 979 1143 1043; x_wconf 89' lang='lat' dir='ltr'><em>omnis</em></span> 
     </span>
     <span class='ocr_line' id='line_1_7' title="bbox 155 1080 812 1148; baseline 0.012 -8"><span class='ocrx_word' id='word_1_34' title='bbox 155 1080 340 1143; x_wconf 88' lang='lat' dir='ltr'><em>multitudo</em></span> <span class='ocrx_word' id='word_1_35' title='bbox 364 1081 409 1143; x_wconf 89' lang='lat' dir='ltr'><em>ad</em></span> <span class='ocrx_word' id='word_1_36' title='bbox 432 1082 600 1145; x_wconf 89' lang='lat' dir='ltr'><em>unitatem</em></span> <span class='ocrx_word' id='word_1_37' title='bbox 624 1081 812 1148; x_wconf 87' lang='lat' dir='ltr'><em>reducitur.</em></span> 
     </span>
    </p>

    <p class='ocr_par' dir='ltr' id='par_1_3' title="bbox 155 1184 1349 1479">
     <span class='ocr_line' id='line_1_8' title="bbox 198 1184 1349 1295; baseline 0.006 -50"><span class='ocrx_word' id='word_1_38' title='bbox 198 1184 293 1247; x_wconf 92' lang='lat' dir='ltr'><em>Data</em></span> <span class='ocrx_word' id='word_1_39' title='bbox 314 1185 421 1269; x_wconf 84' lang='lat' dir='ltr'><em>igitur</em></span> <span class='ocrx_word' id='word_1_40' title='bbox 443 1194 519 1250; x_wconf 90' lang='lat' dir='ltr'><em>tota</em></span> <span class='ocrx_word' id='word_1_41' title='bbox 545 1186 613 1250; x_wconf 91' lang='lat' dir='ltr'><em>ista</em></span> <span class='ocrx_word' id='word_1_42' title='bbox 636 1187 819 1250; x_wconf 83' lang='lat' dir='ltr'><em>sentencia</em></span> <span class='ocrx_word' id='word_1_43' title='bbox 841 1196 939 1270; x_wconf 90' lang='lat' dir='ltr'><em>patet</em></span> <span class='ocrx_word' id='word_1_44' title='bbox 968 1209 1015 1251; x_wconf 86' lang='lat' dir='ltr'><em>ex</em></span> <span class='ocrx_word' id='word_1_45' title='bbox 1039 1185 1143 1251; x_wconf 87' lang='lat' dir='ltr'><em>dictis</em></span> <span class='ocrx_word' id='word_1_46' title='bbox 1161 1198 1224 1295; x_wconf 49' lang='lat'><em>0⁰¹3</em></span> <span class='ocrx_word' id='word_1_47' title='bbox 1239 1196 1292 1243; x_wconf 81' lang='lat' dir='ltr'><em>coo</em></span> <span class='ocrx_word' id='word_1_48' title='bbox 1307 1209 1349 1242; x_wconf 69' lang='lat' dir='ltr'><em>can</em></span> 
     </span>
     <span class='ocr_line' id='line_1_9' title="bbox 157 1261 1345 1375; baseline 0.004 -25"><span class='ocrx_word' id='word_1_49' title='bbox 157 1291 252 1371; x_wconf 87' lang='lat' dir='ltr'><em>quod</em></span> <span class='ocrx_word' id='word_1_50' title='bbox 277 1289 428 1353; x_wconf 88' lang='lat' dir='ltr'><em>alienum</em></span> <span class='ocrx_word' id='word_1_51' title='bbox 452 1298 508 1353; x_wconf 88' lang='lat' dir='ltr'><em>est</em></span> <span class='ocrx_word' id='word_1_52' title='bbox 530 1310 577 1353; x_wconf 85' lang='lat' dir='ltr'><em>ex</em></span> <span class='ocrx_word' id='word_1_53' title='bbox 599 1291 675 1355; x_wconf 88' lang='lat' dir='ltr'><em>istis</em></span> <span class='ocrx_word' id='word_1_54' title='bbox 696 1290 827 1354; x_wconf 87' lang='lat' dir='ltr'><em>inferre</em></span> <span class='ocrx_word' id='word_1_55' title='bbox 856 1293 953 1375; x_wconf 89' lang='lat' dir='ltr'><em>quod</em></span> <span class='ocrx_word' id='word_1_56' title='bbox 968 1292 1050 1357; x_wconf 89' lang='lat' dir='ltr'><em>talis</em></span> <span class='ocrx_word' id='word_1_57' title='bbox 1065 1312 1143 1375; x_wconf 89' lang='lat' dir='ltr'><em>pre·</em></span> <span class='ocrx_word' id='word_1_58' title='bbox 1167 1262 1205 1294; x_wconf 53' lang='grc' dir='ltr'>ω</span> <span class='ocrx_word' id='word_1_59' title='bbox 1221 1261 1345 1306; x_wconf 53' lang='lat'><em>“⁹⁰⁹‘&#39;</em></span> 
     </span>
     <span class='ocr_line' id='line_1_10' title="bbox 155 1394 1143 1479; baseline 0.003 -23"><span class='ocrx_word' id='word_1_60' title='bbox 155 1394 295 1476; x_wconf 86' lang='lat' dir='ltr'><em>positus</em></span> <span class='ocrx_word' id='word_1_61' title='bbox 312 1395 357 1458; x_wconf 90' lang='lat' dir='ltr'><em>sit</em></span> <span class='ocrx_word' id='word_1_62' title='bbox 373 1395 559 1458; x_wconf 89' lang='lat' dir='ltr'><em>Romanus</em></span> <span class='ocrx_word' id='word_1_63' title='bbox 576 1396 739 1479; x_wconf 83' lang='lat' dir='ltr'><em>pontifex</em></span> <span class='ocrx_word' id='word_1_64' title='bbox 756 1398 814 1459; x_wconf 85' lang='lat' dir='ltr'><em>vel</em></span> <span class='ocrx_word' id='word_1_65' title='bbox 835 1397 993 1460; x_wconf 89' lang='lat' dir='ltr'><em>humanis</em></span> <span class='ocrx_word' id='word_1_66' title='bbox 1016 1395 1143 1460; x_wconf 90' lang='lat' dir='ltr'><em>ritibus</em></span> 
     </span>
    </p>

    <p class='ocr_par' dir='ltr' id='par_1_4' title="bbox 113 1497 1351 3570">
     <span class='ocr_line' id='line_1_11' title="bbox 116 1497 1144 1565; baseline 0.004 -5"><span class='ocrx_word' id='word_1_67' title='bbox 116 1497 344 1565; x_wconf 73' lang='lat' dir='ltr'><em>minstitutus.</em></span> <span class='ocrx_word' id='word_1_68' title='bbox 383 1499 457 1564; x_wconf 88' lang='lat' dir='ltr'><em>Sed</em></span> <span class='ocrx_word' id='word_1_69' title='bbox 485 1500 577 1564; x_wconf 88' lang='lat' dir='ltr'><em>sicut</em></span> <span class='ocrx_word' id='word_1_70' title='bbox 602 1501 638 1564; x_wconf 91' lang='lat' dir='ltr'><em>in</em></span> <span class='ocrx_word' id='word_1_71' title='bbox 660 1501 775 1564; x_wconf 90' lang='lat' dir='ltr'><em>brutis</em></span> <span class='ocrx_word' id='word_1_72' title='bbox 798 1503 871 1564; x_wconf 85' lang='lat' dir='ltr'><em>dux</em></span> <span class='ocrx_word' id='word_1_73' title='bbox 902 1501 1101 1564; x_wconf 90' lang='lat' dir='ltr'><em>ostenditur</em></span> <span class='ocrx_word' id='word_1_74' title='bbox 1124 1521 1144 1564; x_wconf 93' lang='lat' dir='ltr'><em>a</em></span> 
     </span>
     <span class='ocr_line' id='line_1_12' title="bbox 155 1606 1143 1688; baseline 0.004 -24"><span class='ocrx_word' id='word_1_75' title='bbox 155 1612 287 1683; x_wconf 83' lang='lat' dir='ltr'><em>natura,</em></span> <span class='ocrx_word' id='word_1_76' title='bbox 320 1612 359 1667; x_wconf 94' lang='lat' dir='ltr'><em>ut</em></span> <span class='ocrx_word' id='word_1_77' title='bbox 389 1612 488 1686; x_wconf 82' lang='lat' dir='ltr'><em>putet</em></span> <span class='ocrx_word' id='word_1_78' title='bbox 520 1624 567 1667; x_wconf 85' lang='lat' dir='ltr'><em>ex</em></span> <span class='ocrx_word' id='word_1_79' title='bbox 599 1606 744 1670; x_wconf 88' lang='lat' dir='ltr'><em>decreto</em></span> <span class='ocrx_word' id='word_1_80' title='bbox 776 1606 948 1688; x_wconf 86' lang='lat' dir='ltr'><em>predict0‚</em></span> <span class='ocrx_word' id='word_1_81' title='bbox 986 1606 1037 1669; x_wconf 91' lang='lat' dir='ltr'><em>sic</em></span> <span class='ocrx_word' id='word_1_82' title='bbox 1070 1606 1143 1668; x_wconf 83' lang='lat' dir='ltr'><em>dux</em></span> 
     </span>
     <span class='ocr_line' id='line_1_13' title="bbox 156 1708 1143 1776; baseline 0.004 -6"><span class='ocrx_word' id='word_1_83' title='bbox 156 1708 334 1772; x_wconf 87' lang='lat' dir='ltr'><em>christiani</em></span> <span class='ocrx_word' id='word_1_84' title='bbox 358 1711 537 1775; x_wconf 84' lang='lat' dir='ltr'><em>exercitus</em></span> <span class='ocrx_word' id='word_1_85' title='bbox 561 1712 671 1775; x_wconf 89' lang='lat' dir='ltr'><em>debet</em></span> <span class='ocrx_word' id='word_1_86' title='bbox 686 1711 826 1776; x_wconf 90' lang='lat' dir='ltr'><em>ostendi</em></span> <span class='ocrx_word' id='word_1_87' title='bbox 847 1711 1074 1775; x_wconf 88' lang='lat' dir='ltr'><em>revelacione</em></span> <span class='ocrx_word' id='word_1_88' title='bbox 1094 1711 1143 1774; x_wconf 92' lang='lat' dir='ltr'><em>di·</em></span> 
     </span>
     <span class='ocr_line' id='line_1_14' title="bbox 156 1813 1144 1899; baseline 0.004 -25"><span class='ocrx_word' id='word_1_89' title='bbox 156 1813 247 1891; x_wconf 87' lang='lat' dir='ltr'><em>vina,</em></span> <span class='ocrx_word' id='word_1_90' title='bbox 285 1814 367 1896; x_wconf 92' lang='lat' dir='ltr'><em>quia</em></span> <span class='ocrx_word' id='word_1_91' title='bbox 404 1816 509 1879; x_wconf 90' lang='lat' dir='ltr'><em>nichil</em></span> <span class='ocrx_word' id='word_1_92' title='bbox 545 1816 677 1896; x_wconf 86' lang='lat' dir='ltr'><em>falsius,</em></span> <span class='ocrx_word' id='word_1_93' title='bbox 720 1837 823 1899; x_wconf 89' lang='lat' dir='ltr'><em>quam</em></span> <span class='ocrx_word' id='word_1_94' title='bbox 861 1817 959 1899; x_wconf 91' lang='lat' dir='ltr'><em>quod</em></span> <span class='ocrx_word' id='word_1_95' title='bbox 995 1817 1144 1878; x_wconf 89' lang='lat' dir='ltr'><em>humana</em></span> 
     </span>
     <span class='ocr_line' id='line_1_15' title="bbox 157 1917 1144 2003; baseline 0.003 -24"><span class='ocrx_word' id='word_1_96' title='bbox 157 1917 291 1981; x_wconf 89' lang='lat' dir='ltr'><em>eleccio</em></span> <span class='ocrx_word' id='word_1_97' title='bbox 323 1919 408 1983; x_wconf 87' lang='lat' dir='ltr'><em>iacit</em></span> <span class='ocrx_word' id='word_1_98' title='bbox 438 1941 576 2003; x_wconf 87' lang='lat' dir='ltr'><em>papam,</em></span> <span class='ocrx_word' id='word_1_99' title='bbox 610 1941 689 1984; x_wconf 89' lang='lat' dir='ltr'><em>nam</em></span> <span class='ocrx_word' id='word_1_100' title='bbox 722 1922 819 1985; x_wconf 92' lang='lat' dir='ltr'><em>solus</em></span> <span class='ocrx_word' id='word_1_101' title='bbox 845 1921 945 1984; x_wconf 91' lang='lat' dir='ltr'><em>Deus</em></span> <span class='ocrx_word' id='word_1_102' title='bbox 975 1920 1144 1984; x_wconf 89' lang='lat' dir='ltr'><em>iustificat</em></span> 
     </span>
     <span class='ocr_line' id='line_1_16' title="bbox 116 2022 1142 2107; baseline 0.004 -23"><span class='ocrx_word' id='word_1_103' title='bbox 116 2022 338 2087; x_wconf 63' lang='lat' dir='ltr'><em>xobominem.</em></span> <span class='ocrx_word' id='word_1_104' title='bbox 375 2022 498 2086; x_wconf 90' lang='lat' dir='ltr'><em>Omnis</em></span> <span class='ocrx_word' id='word_1_105' title='bbox 522 2025 581 2107; x_wconf 91' lang='lat' dir='ltr'><em>qui</em></span> <span class='ocrx_word' id='word_1_106' title='bbox 610 2024 693 2088; x_wconf 87' lang='lat' dir='ltr'><em>facit</em></span> <span class='ocrx_word' id='word_1_107' title='bbox 718 2045 846 2107; x_wconf 92' lang='lat' dir='ltr'><em>papam</em></span> <span class='ocrx_word' id='word_1_108' title='bbox 869 2025 925 2086; x_wconf 89' lang='lat' dir='ltr'><em>vel</em></span> <span class='ocrx_word' id='word_1_109' title='bbox 950 2028 1142 2088; x_wconf 79' lang='lat' dir='ltr'><em>membrum</em></span> 
     </span>
     <span class='ocr_line' id='line_1_17' title="bbox 156 2129 1143 2211; baseline 0.001 -20"><span class='ocrx_word' id='word_1_110' title='bbox 156 2137 277 2191; x_wconf 91' lang='lat' dir='ltr'><em>sancte</em></span> <span class='ocrx_word' id='word_1_111' title='bbox 301 2129 419 2192; x_wconf 84' lang='lat' dir='ltr'><em>matris</em></span> <span class='ocrx_word' id='word_1_112' title='bbox 443 2129 606 2210; x_wconf 85' lang='lat' dir='ltr'><em>ecclesie,</em></span> <span class='ocrx_word' id='word_1_113' title='bbox 639 2129 723 2193; x_wconf 87' lang='lat' dir='ltr'><em>lacit</em></span> <span class='ocrx_word' id='word_1_114' title='bbox 743 2129 883 2207; x_wconf 91' lang='lat' dir='ltr'><em>iustum,</em></span> <span class='ocrx_word' id='word_1_115' title='bbox 913 2129 1022 2211; x_wconf 87' lang='lat' dir='ltr'><em>igitur</em></span> <span class='ocrx_word' id='word_1_116' title='bbox 1045 2130 1143 2192; x_wconf 92' lang='lat' dir='ltr'><em>solus</em></span> 
     </span>
     <span class='ocr_line' id='line_1_18' title="bbox 155 2232 1142 2319; baseline 0.001 -23"><span class='ocrx_word' id='word_1_117' title='bbox 155 2232 329 2297; x_wconf 90' lang='lat' dir='ltr'><em>Dominus</em></span> <span class='ocrx_word' id='word_1_118' title='bbox 361 2232 447 2296; x_wconf 85' lang='lat' dir='ltr'><em>facit</em></span> <span class='ocrx_word' id='word_1_119' title='bbox 477 2253 615 2316; x_wconf 88' lang='lat' dir='ltr'><em>papam.</em></span> <span class='ocrx_word' id='word_1_120' title='bbox 654 2233 769 2296; x_wconf 92' lang='lat' dir='ltr'><em>Maior</em></span> <span class='ocrx_word' id='word_1_121' title='bbox 803 2241 903 2315; x_wconf 88' lang='lat' dir='ltr'><em>patet</em></span> <span class='ocrx_word' id='word_1_122' title='bbox 929 2253 994 2315; x_wconf 91' lang='lat' dir='ltr'><em>per</em></span> <span class='ocrx_word' id='word_1_123' title='bbox 1021 2234 1142 2319; x_wconf 82' lang='lat' dir='ltr'><em>Augu·</em></span> 
     </span>
     <span class='ocr_line' id='line_1_19' title="bbox 156 2337 1143 2404; baseline -0.001 -3"><span class='ocrx_word' id='word_1_124' title='bbox 156 2338 284 2401; x_wconf 90' lang='lat' dir='ltr'><em>stinum</em></span> <span class='ocrx_word' id='word_1_125' title='bbox 307 2337 343 2401; x_wconf 92' lang='lat' dir='ltr'><em>in</em></span> <span class='ocrx_word' id='word_1_126' title='bbox 366 2338 422 2400; x_wconf 92' lang='lat' dir='ltr'><em>De</em></span> <span class='ocrx_word' id='word_1_127' title='bbox 441 2338 571 2401; x_wconf 88' lang='lat' dir='ltr'><em>Verbis</em></span> <span class='ocrx_word' id='word_1_128' title='bbox 591 2337 735 2401; x_wconf 91' lang='lat' dir='ltr'><em>Domini</em></span> <span class='ocrx_word' id='word_1_129' title='bbox 756 2357 920 2404; x_wconf 89' lang='lat' dir='ltr'><em>sermone</em></span> <span class='ocrx_word' id='word_1_130' title='bbox 937 2337 1040 2400; x_wconf 89' lang='lat' dir='ltr'><em>XLV</em></span> <span class='ocrx_word' id='word_1_131' title='bbox 1064 2357 1143 2400; x_wconf 90' lang='lat' dir='ltr'><em>cum</em></span> 
     </span>
     <span class='ocr_line' id='line_1_20' title="bbox 155 2441 1142 2525; baseline 0.001 -21"><span class='ocrx_word' id='word_1_132' title='bbox 155 2442 243 2505; x_wconf 89' lang='lat' dir='ltr'><em>locis</em></span> <span class='ocrx_word' id='word_1_133' title='bbox 272 2442 453 2523; x_wconf 89' lang='lat' dir='ltr'><em>similibus,</em></span> <span class='ocrx_word' id='word_1_134' title='bbox 481 2443 541 2505; x_wconf 90' lang='lat' dir='ltr'><em>ubi</em></span> <span class='ocrx_word' id='word_1_135' title='bbox 565 2451 705 2525; x_wconf 87' lang='lat' dir='ltr'><em>reputat</em></span> <span class='ocrx_word' id='word_1_136' title='bbox 727 2442 931 2525; x_wconf 90' lang='lat' dir='ltr'><em>oppositum</em></span> <span class='ocrx_word' id='word_1_137' title='bbox 959 2441 1061 2505; x_wconf 89' lang='lat' dir='ltr'><em>nimis</em></span> <span class='ocrx_word' id='word_1_138' title='bbox 1084 2442 1142 2505; x_wconf 89' lang='lat' dir='ltr'><em>he·</em></span> 
     </span>
     <span class='ocr_line' id='line_1_21' title="bbox 113 2546 1351 2652; baseline 0.003 -47"><span class='ocrx_word' id='word_1_139' title='bbox 113 2548 311 2610; x_wconf 82' lang='lat' dir='ltr'><em>20reticum.</em></span> <span class='ocrx_word' id='word_1_140' title='bbox 351 2548 397 2612; x_wconf 92' lang='lat' dir='ltr'><em>Et</em></span> <span class='ocrx_word' id='word_1_141' title='bbox 419 2548 531 2610; x_wconf 89' lang='lat' dir='ltr'><em>minor</em></span> <span class='ocrx_word' id='word_1_142' title='bbox 557 2556 656 2630; x_wconf 90' lang='lat' dir='ltr'><em>patet</em></span> <span class='ocrx_word' id='word_1_143' title='bbox 690 2568 737 2611; x_wconf 87' lang='lat' dir='ltr'><em>ex</em></span> <span class='ocrx_word' id='word_1_144' title='bbox 763 2549 832 2610; x_wconf 94' lang='lat' dir='ltr'><em>hoc</em></span> <span class='ocrx_word' id='word_1_145' title='bbox 860 2548 956 2629; x_wconf 92' lang='lat' dir='ltr'><em>quod</em></span> <span class='ocrx_word' id='word_1_146' title='bbox 979 2566 1072 2629; x_wconf 93' lang='lat' dir='ltr'><em>papa</em></span> <span class='ocrx_word' id='word_1_147' title='bbox 1095 2546 1143 2627; x_wconf 90' lang='lat' dir='ltr'><em>(in</em></span> <span class='ocrx_word' id='word_1_148' title='bbox 1161 2553 1351 2652; x_wconf 45' lang='lat' dir='ltr'><em>Tiiiiiidii&#39;ii’</em></span> 
     </span>
     <span class='ocr_line' id='line_1_22' title="bbox 157 2626 1319 2736; baseline 0 -22"><span class='ocrx_word' id='word_1_149' title='bbox 157 2662 322 2735; x_wconf 90' lang='lat' dir='ltr'><em>quantum</em></span> <span class='ocrx_word' id='word_1_150' title='bbox 345 2653 557 2734; x_wconf 85' lang='lat' dir='ltr'><em>huiusmodi)</em></span> <span class='ocrx_word' id='word_1_151' title='bbox 586 2662 641 2716; x_wconf 91' lang='lat' dir='ltr'><em>est</em></span> <span class='ocrx_word' id='word_1_152' title='bbox 663 2663 765 2736; x_wconf 87' lang='lat' dir='ltr'><em>pater</em></span> <span class='ocrx_word' id='word_1_153' title='bbox 780 2651 1021 2716; x_wconf 90' lang='lat' dir='ltr'><em>sanctissimus</em></span> <span class='ocrx_word' id='word_1_154' title='bbox 1037 2661 1143 2734; x_wconf 89' lang='lat' dir='ltr'><em>atque</em></span> <span class='ocrx_word' id='word_1_155' title='bbox 1171 2626 1230 2705; x_wconf 69' lang='grc' dir='ltr'><em>ιιιο</em></span> <span class='ocrx_word' id='word_1_156' title='bbox 1245 2661 1319 2706; x_wconf 77' lang='lat' dir='ltr'><em>effect·</em></span> 
     </span>
     <span class='ocr_line' id='line_1_23' title="bbox 156 2754 1143 2841; baseline -0.002 -21"><span class='ocrx_word' id='word_1_157' title='bbox 156 2757 377 2834; x_wconf 84' lang='lat' dir='ltr'><em>iustissimus,</em></span> <span class='ocrx_word' id='word_1_158' title='bbox 412 2778 491 2821; x_wconf 90' lang='lat' dir='ltr'><em>cum</em></span> <span class='ocrx_word' id='word_1_159' title='bbox 525 2767 645 2821; x_wconf 89' lang='lat' dir='ltr'><em>notum</em></span> <span class='ocrx_word' id='word_1_160' title='bbox 678 2758 725 2821; x_wconf 92' lang='lat' dir='ltr'><em>sit</em></span> <span class='ocrx_word' id='word_1_161' title='bbox 747 2760 844 2841; x_wconf 90' lang='lat' dir='ltr'><em>quod</em></span> <span class='ocrx_word' id='word_1_162' title='bbox 868 2756 1061 2820; x_wconf 87' lang='lat' dir='ltr'><em>cardinales</em></span> <span class='ocrx_word' id='word_1_163' title='bbox 1085 2754 1143 2819; x_wconf 86' lang='lat' dir='ltr'><em>eli·</em></span> 
     </span>
     <span class='ocr_line' id='line_1_24' title="bbox 157 2862 1144 2946; baseline -0.002 -22"><span class='ocrx_word' id='word_1_164' title='bbox 157 2863 277 2942; x_wconf 79' lang='lat' dir='ltr'><em>gendo</em></span> <span class='ocrx_word' id='word_1_165' title='bbox 306 2864 500 2926; x_wconf 89' lang='lat' dir='ltr'><em>membrum</em></span> <span class='ocrx_word' id='word_1_166' title='bbox 530 2883 601 2926; x_wconf 90' lang='lat' dir='ltr'><em>non</em></span> <span class='ocrx_word' id='word_1_167' title='bbox 634 2862 771 2946; x_wconf 80' lang='lat' dir='ltr'><em>eligunt</em></span> <span class='ocrx_word' id='word_1_168' title='bbox 798 2882 934 2945; x_wconf 89' lang='lat' dir='ltr'><em>papam,</em></span> <span class='ocrx_word' id='word_1_169' title='bbox 967 2880 1034 2923; x_wconf 90' lang='lat' dir='ltr'><em>nec</em></span> <span class='ocrx_word' id='word_1_170' title='bbox 1061 2881 1144 2943; x_wconf 87' lang='lat' dir='ltr'><em>pro·</em></span> 
     </span>
     <span class='ocr_line' id='line_1_25' title="bbox 156 2964 1143 3050; baseline 0 -22"><span class='ocrx_word' id='word_1_171' title='bbox 156 2966 229 3029; x_wconf 87' lang='lat' dir='ltr'><em>ficit</em></span> <span class='ocrx_word' id='word_1_172' title='bbox 252 2968 316 3030; x_wconf 91' lang='lat' dir='ltr'><em>sed</em></span> <span class='ocrx_word' id='word_1_173' title='bbox 340 2966 451 3030; x_wconf 87' lang='lat' dir='ltr'><em>officit</em></span> <span class='ocrx_word' id='word_1_174' title='bbox 473 2969 578 3030; x_wconf 86' lang='lat' dir='ltr'><em>talem</em></span> <span class='ocrx_word' id='word_1_175' title='bbox 601 2967 636 3030; x_wconf 92' lang='lat' dir='ltr'><em>in</em></span> <span class='ocrx_word' id='word_1_176' title='bbox 661 2967 812 3030; x_wconf 88' lang='lat' dir='ltr'><em>ecclesia</em></span> <span class='ocrx_word' id='word_1_177' title='bbox 834 2966 1026 3050; x_wconf 87' lang='lat' dir='ltr'><em>presidere.</em></span> <span class='ocrx_word' id='word_1_178' title='bbox 1056 2964 1143 3028; x_wconf 89' lang='lat' dir='ltr'><em>Ideo</em></span> 
     </span>
     <span class='ocr_line' id='line_1_26' title="bbox 115 3071 1142 3155; baseline 0.003 -26"><span class='ocrx_word' id='word_1_179' title='bbox 115 3072 236 3134; x_wconf 79' lang='lat' dir='ltr'><em>25Act.</em></span> <span class='ocrx_word' id='word_1_180' title='bbox 260 3071 373 3153; x_wconf 90' lang='lat' dir='ltr'><em>primo</em></span> <span class='ocrx_word' id='word_1_181' title='bbox 401 3072 540 3154; x_wconf 85' lang='lat' dir='ltr'><em>legitur,</em></span> <span class='ocrx_word' id='word_1_182' title='bbox 569 3073 749 3155; x_wconf 90' lang='lat' dir='ltr'><em>quomodo</em></span> <span class='ocrx_word' id='word_1_183' title='bbox 775 3071 936 3135; x_wconf 89' lang='lat' dir='ltr'><em>dominus</em></span> <span class='ocrx_word' id='word_1_184' title='bbox 964 3089 1035 3133; x_wconf 90' lang='lat' dir='ltr'><em>non</em></span> <span class='ocrx_word' id='word_1_185' title='bbox 1059 3089 1142 3152; x_wconf 92' lang='lat' dir='ltr'><em>apo·</em></span> 
     </span>
     <span class='ocr_line' id='line_1_27' title="bbox 158 3174 1143 3258; baseline 0 -22"><span class='ocrx_word' id='word_1_186' title='bbox 158 3174 240 3237; x_wconf 91' lang='lat' dir='ltr'><em>stoli</em></span> <span class='ocrx_word' id='word_1_187' title='bbox 256 3175 438 3238; x_wconf 89' lang='lat' dir='ltr'><em>Matthiam</em></span> <span class='ocrx_word' id='word_1_188' title='bbox 460 3177 495 3239; x_wconf 93' lang='lat' dir='ltr'><em>in</em></span> <span class='ocrx_word' id='word_1_189' title='bbox 512 3178 712 3258; x_wconf 90' lang='lat' dir='ltr'><em>apostolum</em></span> <span class='ocrx_word' id='word_1_190' title='bbox 730 3178 924 3258; x_wconf 86' lang='lat' dir='ltr'><em>elegerunt.</em></span> <span class='ocrx_word' id='word_1_191' title='bbox 947 3174 994 3236; x_wconf 92' lang='lat' dir='ltr'><em>Et</em></span> <span class='ocrx_word' id='word_1_192' title='bbox 1009 3183 1143 3237; x_wconf 89' lang='lat' dir='ltr'><em>certum</em></span> 
     </span>
     <span class='ocr_line' id='line_1_28' title="bbox 158 3278 1142 3360; baseline -0.001 -20"><span class='ocrx_word' id='word_1_193' title='bbox 158 3287 213 3340; x_wconf 89' lang='lat' dir='ltr'><em>est</em></span> <span class='ocrx_word' id='word_1_194' title='bbox 254 3280 349 3360; x_wconf 90' lang='lat' dir='ltr'><em>quod</em></span> <span class='ocrx_word' id='word_1_195' title='bbox 385 3280 580 3343; x_wconf 85' lang='lat' dir='ltr'><em>cardinales</em></span> <span class='ocrx_word' id='word_1_196' title='bbox 613 3300 659 3341; x_wconf 87' lang='lat' dir='ltr'><em>ex</em></span> <span class='ocrx_word' id='word_1_197' title='bbox 690 3280 818 3343; x_wconf 90' lang='lat' dir='ltr'><em>ficticia</em></span> <span class='ocrx_word' id='word_1_198' title='bbox 848 3278 1041 3342; x_wconf 90' lang='lat' dir='ltr'><em>introducti</em></span> <span class='ocrx_word' id='word_1_199' title='bbox 1073 3298 1142 3342; x_wconf 91' lang='lat' dir='ltr'><em>non</em></span> 
     </span>
     <span class='ocr_line' id='line_1_29' title="bbox 156 3383 1144 3466; baseline 0.002 -23"><span class='ocrx_word' id='word_1_200' title='bbox 156 3383 289 3446; x_wconf 89' lang='lat' dir='ltr'><em>habent</em></span> <span class='ocrx_word' id='word_1_201' title='bbox 312 3383 545 3447; x_wconf 85' lang='lat' dir='ltr'><em>efficaciorem</em></span> <span class='ocrx_word' id='word_1_202' title='bbox 566 3383 808 3447; x_wconf 87' lang='lat' dir='ltr'><em>auctoritatem</em></span> <span class='ocrx_word' id='word_1_203' title='bbox 827 3403 928 3466; x_wconf 90' lang='lat' dir='ltr'><em>quam</em></span> <span class='ocrx_word' id='word_1_204' title='bbox 945 3384 1144 3446; x_wconf 86' lang='lat' dir='ltr'><em>habuerunt</em></span> 
     </span>
     <span class='ocr_line' id='line_1_30' title="bbox 158 3487 428 3570; baseline 0.007 -21"><span class='ocrx_word' id='word_1_205' title='bbox 158 3487 242 3550; x_wconf 89' lang='lat' dir='ltr'><em>dicti</em></span> <span class='ocrx_word' id='word_1_206' title='bbox 266 3488 428 3570; x_wconf 87' lang='lat' dir='ltr'><em>apostoli.</em></span> 
     </span>
    </p>
   </div>
   <div class='ocr_carea' id='block_1_3' title="bbox 68 3589 1358 3989">
    <p class='ocr_par' dir='ltr' id='par_1_5' title="bbox 116 3589 1358 3698">
     <span class='ocr_line' id='line_1_31' title="bbox 116 3589 1358 3698; baseline -0.002 -44"><span class='ocrx_word' id='word_1_207' title='bbox 116 3604 148 3654; x_wconf 86' lang='lat'><em>30</em></span> <span class='ocrx_word' id='word_1_208' title='bbox 201 3591 305 3654; x_wconf 86' lang='lat' dir='ltr'><em>Unde</em></span> <span class='ocrx_word' id='word_1_209' title='bbox 329 3593 470 3657; x_wconf 88' lang='lat' dir='ltr'><em>videtur</em></span> <span class='ocrx_word' id='word_1_210' title='bbox 493 3593 611 3657; x_wconf 90' lang='lat' dir='ltr'><em>multis</em></span> <span class='ocrx_word' id='word_1_211' title='bbox 639 3594 736 3676; x_wconf 92' lang='lat' dir='ltr'><em>quod</em></span> <span class='ocrx_word' id='word_1_212' title='bbox 758 3591 846 3655; x_wconf 87' lang='lat' dir='ltr'><em>ritus</em></span> <span class='ocrx_word' id='word_1_213' title='bbox 867 3590 1061 3654; x_wconf 87' lang='lat' dir='ltr'><em>hodiernus</em></span> <span class='ocrx_word' id='word_1_214' title='bbox 1086 3589 1141 3653; x_wconf 89' lang='lat' dir='ltr'><em>eli·</em></span> <span class='ocrx_word' id='word_1_215' title='bbox 1153 3601 1358 3698; x_wconf 52' lang='lat' dir='ltr'><em>folioliiillm</em></span> 
     </span>
    </p>

    <p class='ocr_par' dir='ltr' id='par_1_6' title="bbox 68 3692 1346 3989">
     <span class='ocr_line' id='line_1_32' title="bbox 68 3692 1346 3781; baseline -0.002 -24"><span class='ocrx_word' id='word_1_216' title='bbox 68 3704 130 3773; x_wconf 80' lang='lat'><em>209¹¹</em></span> <span class='ocrx_word' id='word_1_217' title='bbox 157 3696 264 3781; x_wconf 89' lang='lat' dir='ltr'><em>gendi</em></span> <span class='ocrx_word' id='word_1_218' title='bbox 287 3717 412 3779; x_wconf 88' lang='lat' dir='ltr'><em>papam</em></span> <span class='ocrx_word' id='word_1_219' title='bbox 434 3697 600 3761; x_wconf 91' lang='lat' dir='ltr'><em>inductus</em></span> <span class='ocrx_word' id='word_1_220' title='bbox 623 3697 669 3760; x_wconf 92' lang='lat' dir='ltr'><em>sit</em></span> <span class='ocrx_word' id='word_1_221' title='bbox 692 3695 843 3759; x_wconf 90' lang='lat' dir='ltr'><em>ecclesie</em></span> <span class='ocrx_word' id='word_1_222' title='bbox 860 3715 942 3759; x_wconf 90' lang='lat' dir='ltr'><em>scan</em></span> <span class='ocrx_word' id='word_1_223' title='bbox 963 3692 967 3779; x_wconf 91' lang='grc' dir='ltr'>Ι</span> <span class='ocrx_word' id='word_1_224' title='bbox 989 3695 1142 3771; x_wconf 77' lang='lat' dir='ltr'><em>dalozus‚</em></span> <span class='ocrx_word' id='word_1_225' title='bbox 1167 3705 1186 3748; x_wconf 77' lang='lat' dir='ltr'><em>is</em></span> <span class='ocrx_word' id='word_1_226' title='bbox 1201 3718 1227 3749; x_wconf 81' lang='lat' dir='ltr'><em>u</em></span> <span class='ocrx_word' id='word_1_227' title='bbox 1242 3707 1346 3752; x_wconf 73' lang='lat' dir='ltr'><em>scandat</em></span> 
     </span>
     <span class='ocr_line' id='line_1_33' title="bbox 157 3797 1143 3884; baseline -0.004 -20"><span class='ocrx_word' id='word_1_228' title='bbox 157 3801 269 3884; x_wconf 89' lang='lat' dir='ltr'><em>primo</em></span> <span class='ocrx_word' id='word_1_229' title='bbox 294 3803 374 3883; x_wconf 90' lang='lat' dir='ltr'><em>quia</em></span> <span class='ocrx_word' id='word_1_230' title='bbox 398 3812 453 3865; x_wconf 88' lang='lat' dir='ltr'><em>est</em></span> <span class='ocrx_word' id='word_1_231' title='bbox 472 3802 699 3865; x_wconf 83' lang='lat' dir='ltr'><em>infundabilis</em></span> <span class='ocrx_word' id='word_1_232' title='bbox 718 3822 764 3864; x_wconf 85' lang='lat' dir='ltr'><em>ex</em></span> <span class='ocrx_word' id='word_1_233' title='bbox 780 3800 960 3883; x_wconf 90' lang='lat' dir='ltr'><em>scriptura.</em></span> <span class='ocrx_word' id='word_1_234' title='bbox 985 3797 1143 3862; x_wconf 87' lang='lat' dir='ltr'><em>Christus</em></span> 
     </span>
     <span class='ocr_line' id='line_1_34' title="bbox 159 3901 1142 3989; baseline -0.003 -22"><span class='ocrx_word' id='word_1_235' title='bbox 159 3905 249 3968; x_wconf 90' lang='lat' dir='ltr'><em>enim</em></span> <span class='ocrx_word' id='word_1_236' title='bbox 274 3905 372 3969; x_wconf 92' lang='lat' dir='ltr'><em>cuius</em></span> <span class='ocrx_word' id='word_1_237' title='bbox 400 3907 570 3989; x_wconf 88' lang='lat' dir='ltr'><em>potestati</em></span> <span class='ocrx_word' id='word_1_238' title='bbox 595 3908 745 3970; x_wconf 89' lang='lat' dir='ltr'><em>humane</em></span> <span class='ocrx_word' id='word_1_239' title='bbox 773 3925 845 3967; x_wconf 92' lang='lat' dir='ltr'><em>non</em></span> <span class='ocrx_word' id='word_1_240' title='bbox 869 3911 1020 3986; x_wconf 89' lang='lat' dir='ltr'><em>possunt</em></span> <span class='ocrx_word' id='word_1_241' title='bbox 1043 3901 1142 3985; x_wconf 85' lang='lat' dir='ltr'><em>equi·</em></span> 
     </span>
    </p>
   </div>
   <div class='ocr_carea' id='block_1_4' title="bbox 158 4009 1142 4093">
    <p class='ocr_par' dir='ltr' id='par_1_7' title="bbox 158 4009 1142 4093">
     <span class='ocr_line' id='line_1_35' title="bbox 158 4009 1142 4093; baseline -0.004 -20"><span class='ocrx_word' id='word_1_242' title='bbox 158 4010 274 4093; x_wconf 88' lang='lat' dir='ltr'><em>parari</em></span> <span class='ocrx_word' id='word_1_243' title='bbox 307 4011 467 4093; x_wconf 86' lang='lat' dir='ltr'><em>apostoli,</em></span> <span class='ocrx_word' id='word_1_244' title='bbox 506 4010 616 4093; x_wconf 82' lang='lat' dir='ltr'><em>elegit</em></span> <span class='ocrx_word' id='word_1_245' title='bbox 650 4009 717 4073; x_wconf 91' lang='lat' dir='ltr'><em>sibi</em></span> <span class='ocrx_word' id='word_1_246' title='bbox 749 4010 932 4092; x_wconf 90' lang='lat' dir='ltr'><em>apostolos</em></span> <span class='ocrx_word' id='word_1_247' title='bbox 967 4017 1004 4071; x_wconf 93' lang='lat' dir='ltr'><em>et</em></span> <span class='ocrx_word' id='word_1_248' title='bbox 1036 4027 1142 4070; x_wconf 90' lang='lat' dir='ltr'><em>unum</em></span> 
     </span>
    </p>
   </div>
   <div class='ocr_carea' id='block_1_5' title="bbox 159 4283 1142 4479">
    <p class='ocr_par' dir='ltr' id='par_1_8' title="bbox 159 4283 1142 4479">
     <span class='ocr_line' id='line_1_36' title="bbox 212 4283 1142 4344; baseline -0.005 -12"><span class='ocrx_word' id='word_1_249' title='bbox 212 4298 244 4344; x_wconf 89' lang='lat'><em>¹7·</em></span> <span class='ocrx_word' id='word_1_250' title='bbox 264 4287 305 4331; x_wconf 80' lang='grc' dir='ltr'><em>ΑΒ</em></span> <span class='ocrx_word' id='word_1_251' title='bbox 326 4287 348 4331; x_wconf 86' lang='lat' dir='ltr'><em>in</em></span> <span class='ocrx_word' id='word_1_252' title='bbox 370 4298 456 4343; x_wconf 60' lang='lat' dir='ltr'><em>marga</em></span> <span class='ocrx_word' id='word_1_253' title='bbox 479 4285 567 4331; x_wconf 80' lang='lat' dir='ltr'><em>Facere</em></span> <span class='ocrx_word' id='word_1_254' title='bbox 584 4286 707 4329; x_wconf 79' lang='lat' dir='ltr'><em>membrum</em></span> <span class='ocrx_word' id='word_1_255' title='bbox 725 4284 827 4329; x_wconf 76' lang='lat' dir='ltr'><em>ecclesie.</em></span> <span class='ocrx_word' id='word_1_256' title='bbox 891 4283 927 4329; x_wconf 85' lang='lat'><em>30.</em></span> <span class='ocrx_word' id='word_1_257' title='bbox 950 4283 992 4328; x_wconf 82' lang='grc' dir='ltr'><em>ΑΒ</em></span> <span class='ocrx_word' id='word_1_258' title='bbox 1012 4285 1035 4328; x_wconf 84' lang='lat' dir='ltr'><em>in</em></span> <span class='ocrx_word' id='word_1_259' title='bbox 1054 4294 1142 4339; x_wconf 61' lang='lat' dir='ltr'><em>maran</em></span> 
     </span>
     <span class='ocr_line' id='line_1_37' title="bbox 159 4357 331 4412; baseline -0.017 -11"><span class='ocrx_word' id='word_1_260' title='bbox 159 4357 250 4402; x_wconf 81' lang='lat' dir='ltr'><em>Eleccio</em></span> <span class='ocrx_word' id='word_1_261' title='bbox 263 4369 331 4412; x_wconf 81' lang='lat' dir='ltr'><em>pape.</em></span> 
     </span>
     <span class='ocr_line' id='line_1_38' title="bbox 992 4423 1038 4479; baseline 0.043 -2"><span class='ocrx_word' id='word_1_262' title='bbox 992 4423 1038 4479; x_wconf 76' lang='lat'><em>13*</em></span> 
     </span>
    </p>
   </div>
   <div class='ocr_carea' id='block_1_6' title="bbox 0 0 1515 5026">
    <p class='ocr_par' dir='ltr' id='par_1_9' title="bbox 0 0 1515 5026">
     <span class='ocr_line' id='line_1_39' title="bbox 0 0 1515 5026; baseline 0 0"><span class='ocrx_word' id='word_1_263' title='bbox 0 0 1515 5026; x_wconf 95' lang='lat' dir='ltr'><em> </em></span> 
     </span>
    </p>
   </div>
  </div>
 </body>
</html>
