3008 5026
654 397 823 447 romarus
843 393 982 444 wreus
1161 369 1244 459 [cao.
1264 387 1312 431 χιι.

325 555 435 618 debet
450 553 623 618 infinitum
637 553 718 636 plus
729 572 843 615 amare
854 551 1005 613 virtutes
1017 569 1119 631 quam
1129 549 1314 626 honorem,

324 657 545 741 voluptatem
561 658 620 720 vel
637 656 859 719 commodum
876 653 1083 736 temporale,
1099 653 1191 717 sicut
1203 654 1315 716 debet

324 761 497 826 infinitum
534 762 615 844 plus
664 760 762 824 odire
800 766 988 842 peccatum
1026 757 1136 820 eciam
1174 756 1314 820 veniale

324 886 427 948 quam
451 885 579 948 penam
602 865 753 947 aliquam
777 862 1007 946 corporalem,
1040 871 1076 925 et
1102 860 1195 924 idem
1219 861 1313 944 prin·

324 969 455 1052 cipium
481 969 565 1032 fidei
591 989 656 1052 per
678 969 748 1031 hoc
771 969 877 1051 quod,
907 975 946 1030 ut
969 964 1101 1048 aliquid
1129 973 1185 1028 est
1207 965 1338 1049 peiuss

323 1075 381 1136 vel
391 1072 525 1150 melius,
542 1082 598 1136 est
606 1072 723 1155 ipsum
733 1071 942 1154 fugiendum
953 1069 1315 1153 proporcionabiliter

323 1177 381 1240 vel
406 1177 597 1240 amandum.

126 1276 286 1373 effigi}
366 1280 422 1343 Ex
455 1279 584 1363 quibus
617 1279 779 1362 sequitur
814 1279 910 1361 quod
941 1279 1003 1341 lex
1035 1276 1166 1342 Christi
1202 1277 1314 1340 eciam

118 1381 299 1476 ‘⁰¹¹2g'ssgi‘gffi
323 1384 517 1448 secundum
541 1383 686 1447 consilia
708 1383 756 1447 sit
776 1383 989 1467 generaliter
1010 1382 1184 1446 servanda
1200 1391 1238 1445 et
1253 1384 1315 1444 lex

150 1486 266 1530 ⁶⁰⁰⁰⁸0¹⁵·
322 1489 500 1552 hominum
537 1490 799 1571 postponenda.
836 1487 975 1550 Exhinc
1014 1486 1106 1550 enim
1140 1486 1315 1550 accrescit
1330 1519 1357 1552 ιο

322 1594 455 1656 bonum
487 1591 599 1655 anime
632 1592 805 1655 infinitum
828 1591 1025 1675 preciosius
1048 1611 1150 1674 quam
1177 1592 1314 1654 lucrum

323 1696 464 1779 aliquod
487 1696 694 1779 temporale.
718 1696 766 1759 Et
787 1698 854 1758 hec
874 1701 879 1778 Ι
899 1696 993 1759 racio
1017 1703 1181 1760 moveret
1202 1695 1315 1759 eciam
1343 1707 1397 1776 246·

321 1801 509 1878 infidelem,
542 1820 620 1863 nam
653 1801 788 1878 melius,
820 1799 957 1864 facilius
985 1808 1022 1863 et
1049 1800 1194 1864 brevius
1218 1799 1316 1865 foret

322 1906 516 1969 observare
534 1903 664 1968 Christi
681 1903 828 1968 consilia
846 1914 883 1968 et
904 1913 1086 1988 precepta,
1109 1904 1219 1987 igitur
1241 1924 1314 1968 non

324 2011 496 2073 debemus
529 2009 631 2072 inniti
663 2009 735 2073 suis
760 2009 943 2072 contrariis
966 2009 1188 2092 prestancius
1212 2010 1356 2078 omit-15

320 2115 440 2178 tendo.
485 2113 681 2176 Peccamus
713 2112 818 2191 igitur
849 2113 1017 2195 graviter,
1050 2117 1133 2177 dum
1165 2113 1314 2177 facimus

323 2218 427 2281 nobis
455 2216 704 2300 inexpediens,
743 2226 780 2281 et
810 2218 982 2280 honorem
1005 2217 1075 2281 Dei
1103 2217 1314 2296 diminuens

322 2322 508 2386 utilitatem
532 2321 685 2384 ecclesie
709 2323 955 2386 subtrahendo.

365 2426 411 2489 Et
434 2428 478 2489 de
502 2426 570 2490 ista
593 2425 840 2489 subtraccione
858 2426 1055 2489 alibertate
1075 2426 1165 2511 legis
1182 2426 1315 2492 Christi

321 2539 406 2613 post
428 2530 723 2612 multiplicitatem
743 2531 864 2613 legum
888 2529 1099 2595 Antichristi
1123 2532 1315 2614 conquesti
1326 2563 1357 2597 ιο

322 2643 405 2697 sunt
418 2634 543 2712 sancti;
560 2637 656 2718 quod
679 2644 780 2718 patet
795 2634 831 2697 in
848 2637 1016 2718 exemplo
1032 2635 1172 2718 triplici,
1195 2636 1313 2719 primo

322 2759 370 2801 ex
408 2741 555 2803 decreto
598 2739 694 2803 beati
735 2739 931 2823 Augustini
973 2741 1017 2803 ad
1058 2739 1314 2822 inquisiciones

321 2843 476 2922 Januarii
499 2844 662 2926 superius
688 2844 838 2907 recitato
864 2852 901 2908 et
921 2843 1067 2927 ponitur
1092 2844 1129 2908 in
1157 2845 1314 2908 decretis

321 2945 397 3009 XII
420 2946 666 3011 distinccione:
694 2947 841 3025 Omnr'a;
864 2950 1022 3012 secundo
1039 2969 1086 3011 ex
1102 2949 1198 3013 dicto
1215 2951 1315 3013 beati

322 3051 506 3134 Jeronymi
538 3052 693 3135 epistola
725 3053 884 3117 CXVIII
917 3055 960 3116 ad
987 3052 1234 3117 Domicianum
1266 3056 1313 3118 de
1325 3070 1355 3120 25

321 3165 435 3218 morte
463 3156 623 3234 Fabiole,
656 3158 717 3221 ubi
749 3178 937 3240 exponens
968 3157 1054 3220 illud
1086 3159 1314 3242 evangelium

322 3260 445 3324 Matth
460 3259 567 3338 XIX,
578 3284 608 3341 9,
625 3261 686 3324 ubi
703 3262 865 3325 dominus
881 3262 1048 3346 precepit
1062 3263 1148 3326 viris
1165 3284 1314 3327 uxorem

323 3383 394 3425 non
406 3364 538 3427 debere
556 3364 742 3444 dimittere,
761 3376 915 3449 excepta
931 3386 1037 3430 causa
1052 3367 1314 3447 fornicacionis,

324 3477 360 3529 et
384 3467 561 3531 dimissam
585 3489 725 3532 manere
742 3470 924 3553 innuptam
942 3470 992 3534 sic
1007 3471 1179 3555 loquiturz
1207 3473 1312 3556 Quic-

322 3574 404 3652 quid
435 3573 522 3636 viris
553 3575 695 3653 iubetur,
726 3577 786 3638 hoc
808 3580 1045 3656 consequenter
1066 3579 1239 3642 redundat
1266 3582 1357 3643 ad30

333 3677 491 3758 feminea,
515 3698 618 3760 neque
641 3682 731 3744 enim
754 3681 914 3744 adultera
936 3701 1023 3745 uxor
1037 3683 1243 3750 dimittenda
1265 3692 1316 3751 cst

378 3980 395 4011 ι.
411 3965 486 4011 Codd.
507 3968 530 4012 in
550 3981 638 4026 marg.:
657 3968 742 4014 Amare
761 3972 827 4015 debet
845 3972 988 4016 christianus
1004 3975 1113 4018 vr'rtutem
1128 3975 1183 4031 plur
1197 3975 1316 4030 infinitum

322 4049 391 4083 auom
405 4039 546 4093 voluptatem
560 4044 603 4082 etc.
657 4039 679 4085 3.
700 4041 777 4085 Codd.
792 4041 815 4085 in
831 4053 917 4098 marga
935 4042 1010 4088 Odire
1027 4045 1094 4088 debet
1111 4045 1180 4089 homo
1192 4047 1250 4101 plus
1262 4059 1316 4102 pec·

322 4111 399 4150 ratum
414 4107 487 4150 eclam
500 4108 592 4152 veniale
605 4121 673 4164 quam
685 4122 777 4165 penam.

376 4247 417 4294 24.
447 4233 512 4298 Cap.
542 4233 596 4284 ΧΗ.
673 4249 712 4303 29.
736 4235 785 4301 Ep.
815 4236 940 4290 Lxxvu.
967 4239 1019 4289 Sed
1044 4249 1084 4290 est
1106 4239 1138 4290 ad
1163 4239 1316 4296 Oceanum.

324 4319 393 4384 Opp.
413 4320 445 4368 ad
465 4319 552 4384 Migne
570 4321 625 4373 Ser.
646 4320 701 4373 Lat.
721 4321 799 4389 XXII,
819 4321 878 4391 691.
