3008 5026
171 397 241 444 cnr.
262 380 318 471 tu]
475 401 520 451 nc
541 398 752 452 poresrnre
770 399 868 450 enee.
1339 405 1376 466 77

173 558 387 642 promissum
404 579 505 621 suum
524 557 633 621 Math.
650 556 787 619 ultimo:
810 556 893 619 Ecce
916 569 975 638 ego
993 556 1161 619 vobiscum
1202 588 1269 632 Th„
1283 592 1347 650 „M

172 683 262 739 sune,
302 664 460 727 omuibus
496 664 613 725 diebus
650 681 754 742 nsque
788 663 835 724 acl
867 641 1378 750 consumaciouem,offlmffffi‘ffi‘m

172 769 287 831 seculi.
327 766 516 849 Quomodo
549 765 660 849 igitur
691 765 787 828 foret
820 763 1058 828 necessarium
1091 773 1161 827 tarn
1180 747 1365 803 w¹¹¹¹⁹f⁰⁰¹¹⁸⁸¹

174 871 341 954 ambigue
379 891 529 954 querere
566 869 814 933 auctoritatem
853 868 930 933 sive
968 868 1161 948 consilium,

152 977 316 1059 5quando
340 984 437 1038 tanta
460 974 563 1058 copia
585 974 696 1038 fontis
712 972 894 1057 sapiencie
912 972 1079 1036 continue
1095 971 1162 1035 fuit

173 1099 336 1161 presens.
360 1077 526 1143 Secundo
551 1079 633 1163 quia
656 1080 788 1142 Paulus
813 1086 965 1143 testatur
981 1076 1055 1142 Gal.
1076 1077 1103 1153 1,
1124 1097 1159 1158 ¹7

174 1185 272 1268 quod
294 1193 377 1267 post
400 1185 670 1248 conversionem
696 1204 793 1246 suam
827 1203 892 1247 non
927 1185 1013 1247 venit
1044 1184 1162 1246 statim

173 1288 422 1353 Jerusolimam
450 1291 496 1351 eui
519 1291 690 1370 apostolos
710 1290 770 1352 sed
792 1290 949 1351 continno
972 1288 1163 1368 predicavit

103 1399 150 1469 ¹79⁴
175 1395 210 1456 in
226 1392 376 1473 Arabya.
401 1392 530 1456 Deinde
549 1400 626 1475 post
638 1392 641 1478 fl
655 1413 763 1456 certitas
777 1398 846 1455 tres
864 1394 951 1455 venit
965 1391 1161 1454 Jerusalem
1179 1410 1255 1452 naun
1270 1408 1377 1463 racana

139 1497 290 1560 renidere
305 1496 444 1560 Petrum
461 1503 491 1560 et
507 1500 636 1561 neatisit
658 1517 736 1560 cnm
761 1517 797 1560 eo
820 1498 937 1559 diebus
959 1497 1162 1576 qnindecim,
1210 1463 1336 1570 llillhly'}

177 1601 260 1682 quia
276 1603 329 1682 (ut
344 1601 431 1666 dicit
446 1601 480 1663 in
497 1600 686 1684 principio)
704 1601 846 1682 nonsnit
853 1601 974 1683 ferctns
990 1602 1163 1680 apostolus

177 1707 217 1766 ab
244 1705 438 1769 homiuibus
464 1725 568 1786 neque
591 1725 656 1787 per
682 1702 864 1786 hominem,
897 1703 1076 1767 eleccione
1105 1704 1163 1765 vel

175 1808 430 1872 instrumentali
446 1809 684 1889 institucione,
700 1812 830 1891 smper
839 1809 974 1874 Ihesurn
989 1807 1163 1873 Christum

176 1913 369 1976 secundum
417 1913 597 1993 deitatem,
644 1934 711 1995 per
758 1912 857 1975 cuius
902 1911 1163 1975 revelacionem

141 2016 401 2100 rievangelium
443 2037 544 2080 suum
583 2017 764 2096 didicerat,
802 2019 923 2081 deinde
959 2020 1011 2097 (ut
1042 2025 1164 2079 narrat

177 2140 251 2203 cap.
277 2120 322 2203 H,
360 2142 385 2202 1,
420 2122 451 2203 2)
486 2127 564 2203 post
601 2143 711 2186 auritos
746 2124 997 2202 qrealuordecim
1037 2124 1162 2185 iterum

179 2227 329 2289 ascendit
348 2245 414 2311 per
436 2229 677 2290 revelacionem
702 2229 737 2290 in
753 2225 948 2290 Jerusalem
970 2245 1049 2290 cum
1069 2226 1160 2289 Bar-

180 2332 269 2392 naha
291 2342 321 2393 et
357 2330 427 2393 Tito
463 2333 663 2412 contulitque
685 2350 763 2394 cnm
791 2333 968 2411 precipuis
991 2333 1161 2412 apostolis.

178 2433 291 2516 Michi,
323 2434 446 2518 inquit,
480 2437 538 2517 qui
571 2437 771 2499 uidebantur
802 2455 872 2498 esse
904 2437 1037 2515 aliquid
1061 2437 1162 2498 nichil

138 2541 395 2616 20c0nnnermn,
417 2541 477 2603 sed
499 2546 656 2603 econtra
679 2559 757 2603 cnm
782 2541 952 2615 vidissent,
974 2542 1064 2620 qrrod
1085 2558 1160 2602 cre·

176 2643 284 2705 ditum
318 2649 365 2706 est
396 2645 499 2706 michi
521 2646 734 2726 enairgeh'nm
757 2645 924 2726 prepncii,
954 2645 1040 2707 sicut
1062 2644 1161 2707 Petro

176 2747 446 2825 circumcisionis
469 2768 547 2811 cnm
571 2750 802 2829 cognovissent
821 2749 982 2828 graciam
1007 2748 1081 2828 Dei,
1100 2767 1162 2829 qne

176 2851 257 2913 data
282 2857 328 2914 est
351 2853 462 2927 michi,
490 2852 638 2916 Jacohus
661 2858 690 2915 et
715 2850 816 2934 Cesus
844 2858 874 2915 et
895 2852 1077 2931 Johanues,
1104 2855 1162 2933 qni

176 2955 374 3017 videbantur
400 2975 470 3019 esse
497 2959 685 3038 colrtmpne,
713 2958 848 3020 dextras
870 2958 1036 3020 dederunt
1059 2958 1162 3020 michi

138 3063 204 3123 25et
226 3058 384 3121 Burnahe
399 3062 576 3124 societatis.
604 3060 702 3139 Cum,
725 3061 849 3143 inquit,
873 3063 1014 3124 venisset
1032 3059 1162 3142 Gepheis

176 3160 399 3238 Antiochiam,
416 3166 449 3227 in
465 3164 600 3245 faciem
617 3168 649 3228 ei
664 3167 781 3242 restiti,
793 3167 875 3244 qnia
890 3166 1163 3246 reprehensibilis

175 3272 256 3330 erat.
281 3266 459 3349 Numquid
477 3269 653 3332 eredimus
670 3290 732 3332 vas
750 3269 941 3332 eleccionis
958 3279 994 3332 et
1010 3269 1161 3332 scribam

176 3368 329 3453 Spiritus
346 3370 467 3441 Sancti
491 3373 550 3456 qui
574 3374 663 3436 vidit
679 3383 808 3455 quanta
828 3375 917 3436 male
930 3373 1046 3436 futura
1063 3383 1162 3437 erant

174 3474 209 3537 in
242 3475 395 3539 ecclesia
426 3498 491 3559 pro
524 3477 675 3559 primatu
709 3498 793 3540 usus
826 3477 893 3539 fuit
923 3477 1078 3540 falsitate
1103 3480 1160 3540 vel

135 3578 320 3645 plenitate
342 3580 377 3642 in
394 3581 515 3643 verbis
532 3580 635 3643 fidei?
660 3582 743 3663 quin
767 3582 894 3663 pocius
917 3582 961 3643 ad
977 3584 1161 3645 destruen-

175 3684 254 3744 dum
278 3685 425 3747 hereses
448 3705 536 3767 quas
560 3685 715 3749 sciverat
736 3689 966 3769 postmodum
988 3689 1160 3768 pullulare

174 3789 384 3871 premittens
414 3790 587 3869 Jacobum
623 3789 708 3852 dicit
739 3792 833 3872 quod
867 3809 988 3854 omnes
1015 3790 1064 3853 illi
1087 3800 1160 3854 tres

227 4045 260 4092 15.
276 4046 305 4090 B:
321 4047 435 4090 narravit.
492 4059 525 4102 ¹9·
546 4047 562 4089 ll
582 4047 605 4090 in
625 4058 711 4101 marga
732 4045 807 4090 Panlo
820 4048 879 4091 nihil
896 4047 1042 4092 contulerunt
1056 4048 1161 4096 colunne

172 4116 276 4161 ecclesie.

229 4259 249 4293 r.
270 4240 360 4292 Metth.
379 4242 492 4303 XXVlll,
516 4257 552 4309 ¹9·
628 4259 665 4293 ιι.
687 4242 743 4293 Gal.
764 4244 781 4305 l,
805 4259 825 4293 ι.
900 4244 937 4293 ιό.
958 4243 1015 4295 Gal.
1035 4243 1063 4306 ll,
1083 4241 1159 4294 6-8.

175 4328 215 4380 25.
236 4328 292 4379 Gal.
312 4329 341 4395 ll,
364 4344 401 4377 ιι.
