3008 5026
157 423 226 470 car.
246 410 308 498 xu]
459 429 505 479 nr
524 427 735 480 rorssrnrr
754 428 852 479 pler.

157 595 242 651 sunt
263 585 350 649 victi
382 605 461 648 cum
492 585 636 665 mundo,
670 583 757 648 alios
788 592 906 648 autem
938 581 1066 666 opinor
1089 585 1148 647 vel

157 702 287 775 reputo
320 692 457 763 beatos,
490 696 530 752 ut
561 687 783 772 posteriores
817 688 861 751 de
891 707 1040 770 quorum
1073 687 1148 750 vita

156 797 273 861 habeo
305 795 350 857 ad
380 795 450 857 hoc
483 792 714 872 evidenciam‚
747 790 829 874 quia
859 790 1019 856 narracio
1047 811 1145 855 sanc·
1173 799 1219 846 we
1233 801 1292 846 need
1307 806 1348 845 no·-

157 899 271 963 cionis
301 898 421 962 vocati
453 897 610 960 miraculi
636 898 696 960 vel
728 895 953 960 canonizacio
981 894 1146 960 Romane
1155 854 1283 951 οιηξῗξῗῖἕὲ
1295 854 1325 950 gr
1337 905 1365 949 be

131 1003 255 1068 §curie
290 1011 346 1066 est
376 1001 479 1066 nimis
502 1001 620 1066 tenuis
655 1001 699 1065 ad
721 1000 938 1064 fundandum
961 1000 1068 1063 fidem
1107 1007 1148 1062 ut
1221 959 1303 1003 ”⁵⁰¹⁸

157 1117 318 1172 mortuus
340 1106 388 1169 sit
409 1106 444 1169 in
470 1107 658 1190 cathalogo
682 1107 879 1169 beatorum.
902 1103 1032 1168 Potest
1053 1103 1147 1166 enim

157 1212 194 1274 in
221 1211 353 1275 talibus
380 1210 518 1273 vocatis
549 1208 726 1273 miraculis
760 1227 841 1272 esse
872 1207 1062 1291 multiplex
1092 1227 1146 1271 se·

158 1315 296 1392 duccio,
330 1323 366 1379 et
397 1322 522 1397 potest
554 1313 651 1377 curia
677 1312 843 1376 Romana
874 1331 956 1402 esse
987 1311 1147 1376 veritatis

157 1421 281 1503 ignara
318 1439 365 1482 ex
402 1417 620 1482 seduccione
659 1417 803 1481 testium
851 1416 912 1501 qui
950 1418 1147 1499 deponunt,

114 1545 242 1609 roymo
273 1532 398 1607 potest
431 1541 512 1586 esse
545 1530 667 1586 cecata
698 1529 847 1605 propter
873 1520 1060 1605 pecuniam
1089 1522 1148 1584 vel

156 1630 324 1693 favorem.
363 1627 451 1691 Ideo
484 1625 577 1690 absit
612 1626 754 1689 fidelem
792 1626 941 1689 credere
973 1626 1070 1709 quod
1102 1625 1150 1689 sit

159 1735 325 1799 articulus
340 1732 425 1797 fidei
442 1732 642 1796 credendus
658 1731 828 1815 quicquid
848 1750 942 1814 papa
957 1730 993 1794 in
1009 1728 1148 1794 canoni·

158 1838 314 1918 racione,
344 1838 381 1901 in
413 1835 645 1901 absolucione
668 1837 728 1900 vel
760 1834 886 1899 bullari
913 1834 1148 1899 attestacione

159 1943 368 2008 decreverit.
407 1941 493 2006 Cum
526 1960 622 2025 papa
654 1949 843 2005 attestatur
865 1959 964 2003 suam
987 1941 1148 2004 crebram

116 2047 416 2130 ¹5decepcionem
437 2045 474 2109 in
496 2045 636 2124 talibus,
665 2054 703 2109 et
724 2046 825 2108 Deus
852 2064 925 2107 non
948 2053 1005 2109 est
1026 2059 1150 2107 auctor

157 2155 218 2216 vel
240 2153 356 2216 fautor
378 2150 564 2233 mendacii,
596 2150 680 2214 ideo
710 2149 803 2213 absit
826 2148 1012 2213 ecclesiam
1036 2147 1150 2232 premi

159 2256 338 2320 serviliter
360 2255 422 2319 tali
443 2255 526 2319 fide.

202 2361 243 2424 In
266 2360 344 2424 istis
366 2359 475 2441 igitur
497 2360 582 2424 licet
605 2358 741 2442 opinari
764 2360 823 2422 vel
850 2366 1018 2441 reputare
1040 2376 1181 2424 unamrn
1196 2378 1253 2422 suen
1269 2385 1365 2422 manen

158 2474 295 2549 partem
335 2465 391 2527 vel
429 2464 538 2545 aliam,
581 2465 776 2528 secundum
818 2463 917 2545 quod
959 2461 1145 2525 evidencie
1190 2437 1328 2544 diffidi

113 2585 149 2623 20
158 2569 347 2633 variantur.
385 2567 521 2632 Cavere
549 2577 667 2631 tamen
694 2567 869 2631 debemus
895 2586 942 2630 ne
973 2564 1146 2650 racione}
1200 2536 1320 2579 ennena.

79 2675 130 2743 43⁵
159 2672 299 2757 peccati
320 2671 356 2735 in
381 2671 576 2736 evidenciis
598 2672 819 2748 seducamur,
841 2690 910 2734 nec
926 2670 1024 2754 quod
1046 2669 1149 2733 nimis

160 2775 390 2841 sollicitemur
412 2775 447 2839 in
474 2776 605 2839 talibus
633 2785 755 2859 preter
776 2775 891 2840 fidem.
929 2774 1033 2838 Multi
1057 2774 1150 2837 enim

160 2884 378 2947 seducuntur
400 2901 467 2963 per
483 2880 686 2944 evidencias
704 2890 826 2963 captas
850 2901 871 2945 a
886 2880 983 2945 curia
998 2888 1035 2944 et
1050 2877 1150 2943 multi

160 2987 340 3051 dimittunt
354 2993 508 3068 propter
523 2993 697 3068 questum,
722 2985 950 3050 affeccionem
975 2985 1150 3048 carnalem

117 3092 220 3155 25vel
243 3110 365 3154 cecum
398 3089 557 3154 favorem
590 3109 814 3170 cognoscere
842 3099 879 3152 et
903 3091 1020 3153 colere
1043 3088 1149 3152 fidem

161 3194 300 3260 Christi.
337 3194 409 3257 Alii
442 3203 558 3257 autern
590 3193 725 3258 faciunt
751 3193 915 3258 raciones
943 3193 1083 3276 topicae
1106 3193 1150 3255 ad

162 3299 433 3363 assenciendum
465 3299 564 3381 quod
594 3299 831 3381 pseudopapa
864 3298 911 3362 sit
942 3296 1150 3381 potissimus

161 3402 415 3480 Antichristus,
453 3403 568 3485 primo
592 3423 659 3485 per
695 3403 764 3469 hoc
803 3403 900 3485 quod
937 3402 1150 3486 quicumque

160 3509 266 3570 homo
291 3517 348 3570 est
367 3505 579 3590 profundior
601 3507 637 3569 iu
660 3506 809 3579 inferno,
833 3508 874 3571 fit
895 3527 963 3591 pro
986 3516 1149 3590 tempore

116 3623 151 3673 30
162 3611 220 3674 vie
242 3611 454 3695 profundior
477 3611 729 3692 Antichristus
766 3612 831 3675 sed
863 3611 987 3695 aliquis
1014 3630 1109 3694 papa
1131 3630 1151 3673 a

161 3715 339 3798 probabili
371 3725 456 3799 post
488 3715 712 3780 dotacionem
745 3716 899 3779 ecclesie
921 3714 1050 3779 meruit
1072 3734 1152 3779 esse

161 3819 373 3903 profundior
395 3820 647 3887 Antichristus.

205 3926 439 4009 Assumptum
474 3933 574 4008 patet
606 3945 652 3990 ex
690 3927 770 4004 hoc,
810 3927 908 4009 quod
939 3945 1150 4008 correspon-

162 4031 290 4093 denter
312 4031 355 4093 ad
378 4030 520 4113 peccati
542 4031 774 4113 gravedinem
798 4039 854 4095 est
876 4029 1055 4115 prescitus
1070 4049 1151 4114 pro-

118 4131 306 4206 35fundius
328 4134 364 4198 in
386 4134 541 4212 inferum
575 4135 643 4199 sed
666 4144 805 4200 constat
827 4137 924 4219 quod
940 4143 1073 4219 quanta
1096 4143 1154 4198 est

218 4384 251 4417 ra.
267 4372 423 4418 maniculis.
481 4385 516 4429 ²7·
533 4373 588 4418 liin
604 4386 690 4430 marga
704 4375 819 4419 Rariores
832 4375 975 4432 theologice.
