3008 5026
653 412 823 463 1011111115
843 412 982 462 iuvene
1171 391 1254 480 [cu‘.
1273 407 1313 450 11.

323 571 531 652 pontificum
555 570 757 652 dignitates
782 569 872 632 sicut
896 569 1037 633 videtur
1057 571 1101 632 de
1119 569 1260 633 Christo
1278 581 1315 634 et

324 677 444 753 Petro,
468 694 546 737 cum
570 675 670 737 simul
698 693 776 736 cum
802 693 844 736 eo
869 673 935 736 fuit
958 693 1114 738 summus
1136 672 1313 756 pontifex.

325 777 384 843 Sic
402 779 493 842 enim
509 781 637 841 beatus
652 777 833 856 Johannes
849 777 916 840 fuit
932 777 1126 860 episcopus
1144 776 1313 840 continue

325 883 477 946 ecclesie
488 885 634 965 Asyane
651 891 820 946 ettamen
836 883 958 946 habuit
968 891 1107 966 septem
1118 882 1314 965 episcopos

324 987 514 1051 adiutores.
539 987 655 1050 Actus
679 1007 767 1070 ergo
792 987 996 1069 spirituales
1012 1007 1084 1050 non
1107 995 1339 1069 repugnant5

325 1103 360 1154 et
376 1113 442 1175 per
458 1112 683 1174 consequens
699 1103 900 1174 potestates
911 1094 970 1155 vel
985 1091 1127 1154 habitus
1142 1100 1313 1174 respectu

325 1198 483 1260 eiusdem
516 1197 649 1279 populi.
688 1196 762 1259 Sed
794 1205 871 1259 tota
901 1196 1144 1279 repugnancia
1171 1195 1315 1258 videtur

325 1301 474 1364 civilitas
500 1311 536 1364 et
559 1301 759 1380 dominium,
788 1304 884 1383 quod
907 1303 1084 1364 haberent
1108 1301 1142 1363 in
1166 1303 1314 1384 populo.

324 1407 403 1469 Hec
443 1406 534 1469 eninr
573 1405 638 1468 fuit
675 1407 772 1468 racio
806 1427 913 1489 quare
945 1408 1120 1469 Abraham
1154 1414 1189 1468 et
1221 1404 1315 1468 Loth

324 1511 461 1574 scilicet
493 1520 643 1594 propter
675 1511 917 1593 proprietates
946 1510 1216 1593 possessionum
1241 1529 1314 1572 non
1328 1530 1358 1566 10

324 1625 520 1698 potuerunt
540 1615 702 1679 habitare
727 1616 840 1686 simul,
864 1627 902 1678 ut
927 1615 1014 1681 Gen.
1037 1615 1141 1678 XIII.

125 1719 162 1764 ΝΟ
177 1721 285 1764 essenon
368 1720 493 1783 Tercio
519 1720 744 1783 confirmatur
768 1721 812 1783 de
835 1721 1038 1783 rectoribus
1063 1730 1100 1783 et
1124 1719 1196 1781 suis
1221 1721 1314 1802 epi5·

108 1773 308 1918 aniliiicffriisn
325 1825 436 1906 copis,
460 1825 520 1906 qui
533 1836 616 1887 sunt
640 1824 741 1887 simul
758 1824 921 1906 episcopi
939 1825 1097 1887 eiusdem
1114 1824 1314 1907 parrochie,

124 1877 170 1919 ana
186 1877 221 1919 un
240 1888 291 1931 m
326 1940 363 1993 et
383 1931 483 1993 Deus
507 1931 575 1993 scit
598 1930 676 2012 quis
700 1930 817 2011 quoad
843 1930 959 1992 Deum
984 1941 1040 1994 est
1063 1950 1127 1993 suo
1153 1929 1315 1992 adiutore

326 2033 498 2116 superior,
531 2034 612 2116 quia
644 2045 778 2098 certum
813 2044 868 2097 est
900 2038 996 2117 quod
1023 2035 1081 2096 ille
1114 2034 1174 2116 qui
1201 2035 1357 2117 megisti

326 2138 555 2219 spititualiter
577 2140 729 2221 prodest
757 2139 944 2220 parrochie
961 2149 1017 2202 est
1040 2139 1234 2223 episcopus
1258 2159 1314 2200 su·

326 2243 445 2324 perior
465 2242 469 2323 l
490 2246 609 2325 quoad
632 2245 764 2321 Deum;
800 2253 836 2306 et
869 2254 1002 2307 certum
1032 2254 1087 2306 est
1110 2244 1208 2327 quod
1230 2262 1314 2326 pro·
1347 2253 1396 2316 ¹79¹

326 2347 442 2410 fectus
467 2368 550 2411 suus
576 2359 631 2411 est
654 2348 848 2413 extensior.
872 2348 949 2411 Nec
965 2351 1060 2411 valet
1081 2348 1200 2411 dicere
1217 2349 1313 2430 quod

326 2453 494 2515 sacerdos
517 2453 596 2516 talis
621 2473 690 2515 non
714 2463 770 2516 est
794 2454 998 2537 episcopus,
1027 2454 1109 2535 quia
1132 2453 1232 2516 iuxta
1256 2454 1314 2515 de-

326 2566 460 2620 cretum
491 2557 661 2635 Jeronimi
692 2558 848 2639 positum
881 2578 920 2636 95
947 2557 1179 2621 distinccione
1208 2555 1360 2621 Olli-12:20

328 2660 431 2744 Olim,
454 2661 576 2744 inquit,
600 2669 673 2725 erat
689 2664 778 2725 idem
800 2664 977 2744 presbiter,
1000 2665 1058 2742 qai
1081 2669 1110 2725 et
1127 2665 1314 2744 episcopam,

326 2771 356 2828 et
387 2771 569 2846 antequam
603 2768 739 2848 dyaboli
771 2769 928 2830 instinctu
953 2769 1065 2829 stadia
1092 2769 1126 2828 in
1150 2768 1316 2848 religione

324 2871 451 2948 fierent
474 2877 502 2932 et
525 2872 694 2934 diceretur
710 2874 745 2933 ia
767 2873 915 2952 papalis,
940 2885 1000 2952 ego
1021 2891 1099 2934 sum
1115 2871 1230 2952 Pauli,
1254 2885 1314 2950 ego

324 2973 457 3056 Apollo,
490 2988 548 3056 ego
581 2995 659 3038 sum
690 2974 806 3057 Ceplre,
839 2977 1015 3039 collimant
1043 2977 1314 3057 presbiterorum

324 3081 464 3142 coasilio
496 3081 630 3143 ecclesie
657 3082 949 3161 gubernabantur.
990 3080 1173 3160 Postquam
1198 3085 1312 3143 autem
1326 3087 1356 3136 15

325 3184 553 3264 rrrrrisquisqae
603 3203 659 3248 eos
708 3204 791 3264 qnos
834 3187 1064 3267 baptizaverat
1113 3204 1195 3248 suos
1244 3204 1315 3248 esse

320 3291 472 3369 perlabat,
512 3309 576 3351 11ο11
612 3288 748 3368 Christi,
787 3292 957 3353 clecrelrini
991 3296 1038 3352 est
1077 3296 1111 3351 nt
1152 3308 1241 3352 timis
1273 3290 1315 3351 de

319 3395 519 3473 presbiteris
556 3400 843 3474 superponeretur
875 3400 903 3456 et
940 3396 1143 3458 scisrrratrim
1179 3395 1313 3457 semina

325 3499 529 3560 tollerentur.
577 3497 653 3559 Nec
692 3509 748 3561 est
784 3498 990 3580 fingendum
1029 3499 1125 3579 quod
1163 3506 1314 3581 propter

325 3601 532 3665 adinventas
557 3602 803 3685 preposituras
828 3605 1022 3666 secundum
1043 3600 1237 3684 dignitates
1260 3621 1313 3663 re·
1326 3610 1357 3660 30

324 3705 524 3789 putacionis
557 3707 707 3769 humane
740 3706 780 3768 fit
811 3728 927 3770 novus
952 3708 1041 3770 ordo
1065 3726 1172 3789 supra
1196 3726 1312 3769 sacer·

324 3813 454 3888 dotum,
487 3812 551 3873 sed
584 3821 724 3874 manent
756 3821 894 3893 septem
924 3811 1067 3875 ordines
1096 3809 1231 3892 antiqui
1253 3811 1313 3872 hu·

324 3914 474 3978 manitus
499 3915 644 3980 alterati.
667 3914 749 3978 Non
767 3915 858 3979 enim
874 3916 1045 3998 princeps
1062 3914 1231 3978 secularis
1247 3935 1315 3997 per

324 4019 415 4083 viam
440 4019 638 4084 dotacionis
663 4029 700 4083 et
723 4019 929 4084 maioritatis
952 4019 1195 4103 reputacionis
1213 4039 1311 4081 mun-

377 4257 414 4286 ao.
430 4245 446 4285 u
462 4245 485 4286 lu
500 4256 585 4299 marra:
601 4242 670 4287 Nola.
726 4249 761 4288 all.
778 4243 865 4288 (lodda
881 4250 1058 4299 supponeretur.
1075 4242 1179 4286 corrasi.

376 4365 417 4401 ao.
435 4354 538 4402 Decreti
560 4355 642 4416 prima
663 4368 731 4418 pars,
751 4356 808 4404 dist.
828 4354 905 4414 XCV,
925 4370 981 4418 cap
998 4353 1026 4402 Υ.
