3008 5026
684 414 855 467 Jounuuts
872 414 1013 466 wreus
1214 393 1349 483 [cnam.

361 577 479 640 maius
501 578 549 639 est
567 575 723 656 periculo
745 574 817 648 tali,
841 577 877 635 ut
899 574 953 635 det
975 574 1152 637 racionem
1170 591 1239 655 pro
1254 573 1354 635 omni

361 682 501 745 ecclesia
532 680 629 762 opud
656 679 782 742 iustum
811 679 969 748 iudicem,
1002 678 1072 741 nisi
1086 677 1180 759 sorte
1201 678 1260 757 qni
1282 695 1351 739 non

361 786 468 849 credit
483 785 651 848 iudicium
667 782 743 865 Dei,
767 801 827 846 nec
845 784 941 845 timet
962 784 1013 844 uti
1034 784 1176 845 abutens
1191 783 1352 863 primatu

361 909 425 954 suo
448 889 670 953 ecclesiastico
700 889 902 951 seculariter
932 892 1104 950 convertat
1130 906 1207 950 eum
1235 888 1270 949 in
1296 905 1350 949 se-

187 1006 268 1051 besire
282 1006 310 1051 of
361 996 525 1058 colorem.
547 992 604 1054 Ex
626 992 704 1056 istis
720 991 862 1054 videtur
876 992 1002 1068 primo,
1026 991 1125 1073 quod
1147 1010 1219 1053 non
1243 991 1328 1054 licet
1347 990 1377 1074 15

146 1058 353 1168 atgniii‘iiiong
362 1107 531 1183 papatum
564 1097 623 1159 vel
656 1096 804 1177 aliquam
838 1095 1045 1178 dignitatem
1076 1094 1352 1158 ecclesiasticam
1383 1109 1448 1166 214·

168 1165 215 1207 ’Μ
231 1163 325 1207 ‘mum'
363 1201 546 1267 eleccione
569 1202 718 1263 humana
741 1209 925 1283 appetere,
949 1199 1031 1282 quia
1055 1209 1092 1261 ut
1113 1199 1165 1261 sic
1181 1199 1352 1282 primatus

363 1308 471 1372 stulte
495 1325 534 1369 se
559 1304 731 1387 supponit
753 1303 927 1387 periculo,
956 1305 1064 1367 stulte
1088 1303 1169 1386 quia
1191 1325 1263 1367 non
1290 1305 1352 1367 hu·

362 1431 462 1475 mana
485 1409 620 1473 eleccio
643 1408 729 1472 facit
750 1409 806 1472 ius
826 1408 1043 1492 presidendi,
1067 1410 1132 1471 sed
1147 1409 1354 1491 promulgat

361 1517 398 1579 in
422 1534 516 1592 casu,
545 1534 615 1596 quo
637 1513 673 1576 in
697 1515 813 1576 electo
837 1512 976 1596 presint
999 1512 1167 1576 virtutum
1190 1513 1353 1594 insignia,
1368 1538 1399 1572 ιο

363 1629 400 1683 et
414 1619 561 1701 insuper
577 1616 761 1682 constituit
777 1637 816 1681 se
834 1616 1088 1699 obligaciorem
1109 1618 1154 1680 ad
1170 1618 1353 1699 populum,

361 1743 428 1787 nec
462 1720 635 1786 accrescit
667 1722 797 1784 exinde
825 1721 1019 1804 profectus,
1052 1723 1117 1785 sed
1145 1721 1353 1804 periculum,

363 1837 399 1891 et
421 1827 504 1891 ideo
522 1824 635 1889 sancti
651 1826 806 1908 apostoli
822 1845 894 1888 non
911 1834 1150 1908 susceperunt
1165 1824 1354 1908 primatum

362 1933 468 1996 talem
493 1933 536 1993 ab
560 1929 712 1995 homine.

151 2047 201 2092 Tne
215 2048 349 2095 contentiori
406 2034 559 2099 Videtur
596 2033 756 2097 secundo
795 2034 900 2115 quod,
939 2034 1015 2097 sive
1052 2033 1238 2097 Robertus
1276 2033 1398 2097 sive15

168 2099 335 2208 pifpii‘rffiii
364 2140 539 2215 Urbanus,
556 2137 633 2201 sive
645 2137 858 2220 quicumque
871 2138 972 2218 alius,
988 2137 1127 2221 appetit
1143 2137 1194 2202 sic
1204 2158 1354 2222 preesse

172 2205 325 2301 Aiifdfldds·
365 2243 517 2307 ecclesie
539 2242 685 2327 Anglie‚
713 2242 852 2324 signum
878 2243 1065 2326 probabile
1095 2252 1151 2306 est
1186 2243 1284 2325 quod
1308 2244 1356 2307 sit

363 2347 523 2432 fugibilis
547 2346 805 2426 Antichristus;
832 2349 927 2411 unde
951 2349 1078 2411 beatus
1103 2346 1355 2429 Crysostomus

364 2453 425 2517 ubi
449 2472 572 2535 supra:
602 2450 811 2534 Quacumque
834 2454 1079 2517 desideraverit
1096 2455 1294 2535 primatum
1318 2455 1356 2515 in

363 2563 469 2637 terra,
503 2559 649 2621 inveniet
675 2557 907 2638 confusionem
937 2559 1073 2639 incolo,
1106 2564 1142 2621 ut
1165 2559 1238 2620 iam
1266 2559 1403 2621 interm

362 2681 479 2727 servos
504 2660 632 2728 Christi
664 2680 730 2725 non
762 2663 808 2726 sit
830 2663 871 2725 de
888 2664 1049 2744 primatu
1072 2667 1256 2743 certamen,
1287 2681 1355 2725 non

365 2768 506 2849 festinet
520 2768 760 2849 unusquisque,
775 2769 942 2849 quomodo
953 2769 1035 2831 aliis
1049 2769 1356 2849 maiorappareat,

364 2875 425 2937 sed
451 2873 618 2954 quotnodo
648 2873 805 2936 omnibus
827 2871 977 2952 inferior
1000 2873 1164 2951 videatur,
1191 2873 1355 2953 quoniam

364 2996 431 3041 non
448 2978 505 3058 qui
521 2978 638 3039 maior
651 2975 765 3056 suerit
787 2978 823 3039 in
845 2977 971 3039 honore
994 2977 1050 3040 ille
1073 2983 1120 3040 est
1141 2978 1273 3058 iustior,
1295 2978 1356 3039 sed

365 3083 423 3162 qui
450 3080 596 3159 insertor
618 3080 732 3161 suerit
758 3082 811 3143 hic
838 3086 886 3144 est
912 3082 1036 3146 maior.
1074 3079 1163 3143 Ideo
1186 3080 1399 3163 primatusrs

365 3185 401 3249 in
433 3187 568 3268 populo
602 3204 673 3247 non
706 3193 761 3248 est
784 3186 827 3247 ab
852 3185 969 3268 aliquo
998 3186 1232 3268 appetendus.
1260 3185 1355 3268 Quo-

365 3291 473 3353 modo
505 3289 613 3371 igitur
647 3309 716 3352 non
748 3289 895 3352 habebit
928 3290 1080 3353 ecclesia
1105 3299 1227 3354 nostra
1249 3292 1356 3354 talem

367 3403 585 3476 suspectum,
618 3393 679 3476 qui
713 3403 749 3457 et
782 3394 897 3457 nescit
923 3395 1029 3458 fidem
1057 3394 1233 3478 scripture
1257 3405 1356 3458 etse

366 3499 482 3582 ipsum
514 3500 573 3561 vel
604 3498 769 3561 familiam
809 3519 905 3562 suam
937 3499 1111 3582 pr1vatam
1142 3519 1281 3582 regere,
1320 3508 1358 3563 et

366 3612 484 3668 tamen
508 3602 677 3685 presumit
700 3622 740 3665 se
765 3603 964 3685 digniorem
988 3604 1142 3667 sciencia·
1161 3613 1197 3668 et
1213 3604 1356 3682 virtute,
1370 3612 1402 3662 30

200 3733 307 3788 erimacy
367 3715 406 3770 ut
420 3714 524 3791 regat
538 3715 670 3771 tantam
688 3706 897 3769 ecclesiam?
921 3706 1064 3770 Utinam
1081 3708 1232 3771 ecclesia
1247 3709 1358 3771 vellet

169 3785 344 3932 reffliiinp
368 3811 488 3874 dicere
512 3811 641 3874 talibus
666 3811 881 3874 sentenciam
898 3809 1029 3875 Christi
1053 3821 1089 3876 et
1111 3813 1208 3876 beati
1229 3812 1356 3896 Cryso·

346 3902 357 3932 e

152 3890 190 3934 iot
204 3890 268 3933 touls
282 3896 305 3933 at
319 3895 328 3933 t
463 3915 473 3936 ι
787 3914 794 3928 .
1041 3916 1047 3929 .

168 3941 348 4003 judgmemnna
368 3924 487 3979 stom1:
520 3917 580 3978 Ad
607 3916 713 3979 talem
741 3925 928 3998 primatum
956 3924 1114 3998 pertinet
1135 3918 1356 4000 respondere

154 3994 448 4090 ⁸³⁰¹{2Jt'2ssf‘fflDeo
474 4038 539 4101 pro
564 4018 747 4082 animabus
771 4018 838 4082 sibi
863 4019 1015 4083 subditis
1038 4021 1074 4083 in
1099 4020 1155 4083 die
1181 4021 1300 4084 iudicii
1321 4030 1358 4085 et

369 4123 503 4187 servire
518 4123 587 4187 illis
604 4122 811 4208 evangelice
827 4123 1040 4188 laboriosius
1061 4133 1168 4208 atque
1182 4125 1357 4204 humilius,
1369 4137 1402 4188 35

422 4374 455 4406 ιο.
472 4360 500 4405 B:
516 4372 600 4414 conatu
615 4361 646 4405 ib.
662 4360 751 4407 Codd.:
763 4360 862 4418 prefuit.
