3008 5026
156 392 222 437 cre.
239 371 291 461 vn]
459 393 503 442 ue
524 392 734 443 potestate
755 394 852 446 mea.

157 555 251 618 finali
274 554 364 639 legis
389 548 575 630 dominice,
608 570 687 614 cum
720 550 924 617 nescierunt
949 554 1147 620 decretales

159 681 178 724 e
207 661 341 726 istolas

181 682 380 847 pSimiliter,
413 785 485 828 non
517 767 598 848 plus
632 775 792 828 tenemur
816 765 962 828 credere
985 764 1066 829 illis
1076 766 1146 850 epi·
1184 775 1283 821 Wenre
1298 784 1338 820 not

1202 831 1280 876 bound
1295 839 1320 876 to

157 871 256 935 stolis
281 891 385 954 quam
409 880 571 933 tenemur
596 871 741 933 credere
766 871 862 952 quod
886 879 1009 933 auctor
1025 892 1146 935 eorum
1183 883 1333 991 ὺιΙῑενὲρὶὴίιὶ

132 977 204 1041 §sit
220 987 327 1059 caput
344 975 497 1039 ecclesie
513 974 702 1055 militantiS,
726 976 791 1037 sed
811 977 880 1038 hoc
897 996 969 1039 non
985 986 1147 1040 tenemur
1183 935 1311 1084 heaffipfch
1296 989 1333 1032 tue

158 1082 304 1145 credere
317 1083 453 1164 absque
464 1080 662 1160 formidine,
673 1101 744 1144 non
755 1082 866 1144 solum
877 1081 958 1164 quia
968 1081 1145 1145 nescimus
1170 1089 1243 1135 What
1256 1094 1277 1137 if
1288 1093 1344 1137 rival

157 1187 187 1250 si
219 1185 376 1258 moritur,
414 1206 539 1250 verum
577 1186 658 1268 quia
695 1185 873 1249 nescimus
906 1186 935 1249 si
967 1186 1146 1269 prescitus
1196 1156 1321 1240 ⁹323&

70 1301 128 1352 188
156 1290 264 1354 fuerit
285 1291 344 1353 vel
368 1292 562 1354 membrum
586 1300 707 1354 sancte
731 1291 852 1354 matris
876 1290 1038 1358 ecclesie.
1060 1290 1146 1371 1810

157 1395 249 1458 enim
274 1395 399 1458 electis
431 1396 572 1458 duobus
603 1395 708 1478 papis
740 1395 785 1457 de
817 1394 970 1477 primatu
994 1407 1146 1459 conten·

117 1499 324 1563 rodentibus
356 1499 633 1563 christianismus
665 1499 759 1563 foret
790 1501 988 1582 perplexus
1017 1510 1053 1563 et
1075 1520 1147 1563 non

157 1604 339 1667 sufficeret
361 1605 397 1667 in
421 1604 598 1668 Christum
623 1607 785 1683 credere,
811 1625 881 1668 non
906 1604 996 1669 enim
1022 1615 1148 1669 teneor

157 1710 238 1792 plus
264 1710 409 1773 credere
435 1710 531 1774 dicto
560 1710 711 1774 hominis
740 1731 844 1792 quam
867 1718 994 1773 teneor
1018 1709 1062 1772 de
1085 1708 1146 1772 illo

158 1815 306 1877 credere
345 1815 568 1880 sanctitatem
606 1817 665 1878 vel
711 1817 809 1898 quod
845 1814 948 1878 Deus
992 1813 1028 1877 in
1065 1813 1146 1896 ipso

157 1919 323 2002 loquitur,
356 1922 420 1984 sed
444 1942 515 1984 non
541 1931 666 1983 teneor
688 1920 822 2003 pariter
850 1921 996 1984 credere
1020 1917 1146 1982 sancti-

118 2034 267 2088 ritatem
289 2024 364 2089 vite
387 2026 422 2089 in
446 2026 579 2090 nostris
602 2024 807 2109 prepositis,
840 2025 932 2088 sicut
955 2024 990 2087 in
1014 2022 1146 2087 sanctis

157 2129 342 2212 apostolis,
365 2130 475 2213 igitur
498 2151 570 2195 non
594 2140 728 2194 tantum
753 2140 878 2193 teneor
902 2128 1050 2192 credere
1073 2126 1147 2191 suis

157 2233 317 2317 scriptis3
352 2244 436 2298 tunc
471 2235 563 2299 enim
586 2244 731 2299 tenerer
764 2234 911 2297 credere
944 2233 1041 2315 quod
1065 2241 1147 2296 sunt

158 2338 353 2402 confirmati
375 2339 493 2421 gracia
515 2339 845 2422 predestinacionis

201 2442 378 2520 Similiter,
409 2445 477 2507 ista
509 2445 692 2509 sentencia
723 2444 882 2507 inficeret
905 2452 1016 2506 totam
1039 2443 1146 2525 scrip·

116 2567 147 2606 20
159 2558 269 2610 turam
296 2568 441 2629 sacram,
466 2569 545 2612 cum
561 2550 762 2631 Apostolus
786 2548 860 2613 Gal.
885 2547 911 2626 I,
937 2551 955 2609 8
980 2548 1147 2610 audacter

158 2653 293 2732 asserit,
319 2654 415 2735 quod
440 2654 468 2717 si
491 2653 559 2718 illis
583 2657 633 2718 vel
655 2657 798 2735 angelus
820 2655 861 2716 da
883 2655 952 2715 celo
973 2652 1145 2733 evangeli-

157 2763 248 2820 zaret
284 2764 507 2839 preterquam
547 2759 636 2839 quod
668 2760 936 2839 evangelizatum
969 2763 1027 2838 est,
1055 2776 1144 2819 ana·

157 2864 269 2924 thema
284 2864 337 2924 sit.
355 2861 466 2925 Modo
483 2874 599 2926 autem
616 2864 725 2927 multe
743 2871 872 2945 gentes
889 2861 1147 2925 transferuntur

159 2986 235 3027 cum
261 2963 335 3030 Gal.
369 2967 530 3030 doctrina
554 2968 718 3050 Apostoli
741 2987 808 3050 per
832 2966 1002 3048 epistolas
1026 2967 1145 3028 decre-

116 3080 145 3129 25
158 3070 255 3132 tales
273 3070 358 3132 Cum
376 3069 484 3154 igitur
498 3093 563 3153 per
579 3071 832 3154 falsigraphum
851 3079 996 3154 oportet
1012 3079 1146 3133 tantum

157 3174 224 3236 illis
271 3175 417 3237 credere
464 3175 556 3239 sicut
580 3178 756 3259 apostolo,
800 3174 1009 3258 relinquitur
1048 3176 1145 3256 quod

158 3289 302 3361 oportet
335 3281 501 3361 apostolo
533 3280 568 3342 in
600 3279 670 3344 isto
705 3279 919 3359 discredere,
952 3299 1030 3342 cum
1064 3278 1147 3343 licet

158 3383 210 3445 eis
234 3393 272 3446 ut
296 3384 453 3446 referunt
478 3393 602 3447 contra
626 3386 827 3467 apostolum
856 3384 1073 3466 dispensare,
1105 3404 1148 3447 eo

159 3488 255 3568 quod
278 3486 347 3569 ipsi
372 3487 589 3551 auctorizant
612 3489 747 3571 scripta
770 3486 934 3570 apostoli.

116 3612 148 3662 {0
202 3590 302 3667 Item,
332 3593 446 3674 Apoc.
471 3592 593 3656 ultimo
623 3601 775 3676 propter
799 3593 1045 3657 auctoritatem
1067 3594 1147 3655 libri

158 3697 335 3777 propheta
358 3696 409 3759 sic
434 3697 601 3779 loquitur:
627 3696 665 3761 Si
688 3699 765 3778 quis
787 3700 983 3780 apposuerit
1006 3699 1053 3760 al
1080 3698 1147 3776 hec,

160 3806 305 3882 apponet
321 3801 416 3864 Deus
437 3821 542 3883 super
559 3804 657 3865 illam
677 3805 808 3884 plagas
829 3804 978 3884 scriptas
1000 3805 1035 3864 in
1059 3804 1146 3866 libro

213 4051 242 4082 ιι
258 4039 321 4082 ΑΒ
317 4052 339 4082 m
360 4052 447 4096 marga
442 4040 568 4085 ·Credere
586 4043 689 4097 epistolis
708 4042 869 4086 decretalibus
926 4057 958 4096 ta
975 4044 1038 4087 Ain
1059 4055 1147 4100 marg.

158 4124 357 4181 NotadeCalsa.
415 4140 451 4170 20.
472 4128 554 4171 Allia
576 4141 663 4183 maru:
680 4093 783 4151 ΜΝ

679 4164 772 4208 Addere
820 4131 981 4185 scriptorem
978 4142 1011 4173 τε
1025 4143 1071 4172 aaa
1087 4131 1146 4175 licet

159 4224 194 4255 ει.
211 4211 299 4255 Codd.:
315 4214 355 4255 illi.
414 4226 440 4258 22
468 4215 496 4257 μ,
512 4216 575 4269 qm
588 4216 659 4258 dm,

211 4349 251 4399 30.
272 4341 353 4403 Αροε.
374 4339 449 4401 ΧΧΙΙ,
469 4340 560 4402 18,19.
