3008 5026
131 425 198 471 cnr.
218 412 271 500 ru]
427 434 471 484 ne
491 433 703 486 ΡοτΕετΑτΕ
722 435 820 485 esee.

131 588 265 651 divisus
307 589 351 651 ad
389 589 602 670 placendum
627 592 730 654 uxori
773 611 847 672 sue,
886 600 925 654 ut
960 593 1117 675 loquitur

129 694 330 774 Apostolus
346 693 371 756 I.
393 694 469 757 Cor.
496 694 576 760 VII.
600 695 646 758 Et
668 697 735 759 hec
757 697 853 760 racio
877 717 984 778 quare
1009 717 1116 780 opor·

130 797 197 860 tuit
218 798 337 880 legem
361 799 453 864 illam
483 820 623 862 cessare
656 811 692 862 et
715 820 844 863 novam
866 800 1053 882 introduci,
1078 812 1116 863 ut

130 902 258 965 dicitur
273 903 365 969 Heb.
382 904 462 968 Vll.
488 904 561 969 Sed
583 906 669 967 illud
687 905 876 968 calliditate
893 906 1038 987 dyaboli
1062 915 1116 968 est

105 1005 343 1088 §frustratum
378 1028 455 1071 cum
489 1009 651 1091 episcopi
683 1010 796 1072 nostri
826 1009 971 1092 gravius
1008 1009 1115 1073 forni-

131 1120 253 1173 cantur
277 1131 354 1174 cum
379 1115 510 1179 seculo.
538 1112 613 1177 Sed
636 1123 761 1195 quarto
784 1113 937 1177 obicitur
960 1134 1026 1197 per
1047 1117 1115 1177 hoc

130 1216 227 1296 quod
259 1214 357 1279 iuxta
389 1218 517 1281 dictam
556 1217 772 1281 sentenciam
814 1218 988 1300 contingit
1027 1219 1117 1281 duos
1136 1251 1212 1295 Tm„
1229 1264 1282 1310 may
1297 1255 1325 1297 1„

130 1319 325 1402 episcopos
341 1342 449 1404 super
466 1324 592 1385 eodem
609 1324 746 1405 populo
761 1323 935 1405 legittime
951 1323 1117 1402 ordinari3
1135 1305 1328 1410 mffiwrgafflne

130 1425 226 1506 quod
243 1426 412 1506 concedo,
436 1446 515 1489 cum
532 1427 692 1491 Christus
708 1427 896 1490 animarum
914 1426 1116 1491 necessario
1138 1408 1322 1514 ,Slssfi‘ffisseftffll

89 1553 119 1588 ιιι
130 1539 186 1591 est
201 1529 395 1614 episcopus
412 1530 600 1595 cuiuslibet
616 1532 740 1615 populi
762 1530 939 1595 christiani
958 1542 994 1594 et
1009 1532 1118 1596 habet
1181 1513 1287 1571 ‘'⁵“¹¹¹'·⁸'·

131 1637 257 1698 multos
291 1635 485 1717 episcopos
516 1636 669 1700 vicarios
701 1657 811 1719 super
835 1638 959 1700 eodem
982 1638 1117 1720 populo

130 1740 320 1804 adiutores.
359 1739 444 1823 Ipse
469 1751 584 1803 tamen
608 1743 828 1804 excellenter
851 1752 889 1805 et
912 1739 1118 1804 differenter

131 1855 186 1907 est
224 1844 418 1927 episcopus
457 1845 607 1908 ecclesie
639 1845 888 1929 triumphantis
927 1856 964 1908 et
1001 1845 1118 1908 tocius

133 1948 286 2012 ecclesie
311 1947 499 2012 militantis.

41 2057 102 2125 178⁴
174 2053 351 2133 Similiter,
372 2056 497 2117 eedem
520 2074 684 2137 persone,
708 2077 796 2138 quas
833 2056 974 2136 Petrus,
996 2052 1000 2140 Ι
1029 2055 1118 2117 Pau·

130 2160 184 2220 lus
228 2168 264 2221 et
312 2159 423 2223 ceteri
465 2160 621 2241 apostoli
663 2159 869 2223 ordinarunt
914 2159 1119 2242 episcopos,

132 2283 202 2326 non
247 2266 479 2327 excluserunt
512 2284 575 2327 eos
621 2287 642 2327 a
682 2263 1019 2348 superintendencia
1058 2283 1119 2345 po·

132 2368 206 2449 puli
230 2370 295 2431 sed
318 2369 494 2451 iuverunt,
528 2379 566 2431 ut
589 2372 716 2433 beatus
741 2369 905 2432 Clemens
928 2389 1032 2451 quem
1055 2370 1119 2430 be·

131 2480 210 2535 atus
253 2473 382 2537 Petrus
425 2473 602 2536 ordinavit
644 2475 840 2556 prudenter
886 2483 924 2536 ut
975 2480 1120 2556 oportet

89 2595 120 2629 20
131 2575 249 2638 dicere
292 2577 501 2659 episcopum
540 2578 783 2641 Romanorum
825 2577 892 2640 fuit
933 2576 1119 2660 episcopa·

131 2680 179 2742 tui
221 2681 320 2743 Petri
366 2683 494 2745 nedum
543 2683 805 2765 conpossibilis,
852 2683 917 2745 sed
968 2681 1118 2762 adiutor,

130 2784 266 2847 namin
291 2786 439 2867 quadam
468 2785 622 2867 epistola
643 2787 740 2850 beati
765 2785 956 2849 Clementis
984 2785 1120 2847 directa

128 2887 264 2966 Jacobo
281 2889 565 2968 Jerusalimitano
582 2890 633 2954 sic
650 2891 830 2955 scribitur:
853 2889 981 2954 Beatus
996 2889 1119 2953 Petrus

129 2998 236 3055 morte
257 2995 323 3056 sihi
345 2996 640 3077 appropinquante
662 2997 698 3058 in
714 2997 852 3077 collegio
867 2994 1030 3076 fratrum
1049 3013 1115 3075 po-

88 3103 117 3150 25
128 3097 214 3159 sitos
238 3098 352 3178 ipsum
372 3097 575 3164 Clementem
594 3118 661 3180 per
677 3119 821 3162 manum
837 3099 1008 3180 accipiens
1023 3098 1117 3177 dixit,

128 3201 216 3263 laune
241 3200 443 3266 Clementem
478 3205 672 3284 episcopum
706 3206 797 3266 vobis
822 3204 953 3280 ordino,
985 3203 1043 3282 qui
1075 3203 1118 3263 ob

130 3305 230 3367 inicio
254 3324 385 3368 enectam
402 3304 483 3385 suit.
508 3306 585 3369 Nec
608 3307 752 3369 dubium
776 3307 861 3389 quin
886 3305 974 3370 tanti
991 3305 1117 3386 capitis

129 3408 308 3471 ordinacio
332 3429 435 3491 quarn
464 3410 626 3493 oportuit
650 3432 695 3473 ex
720 3410 855 3493 Spiritu
877 3410 1009 3475 Sancto
1034 3429 1116 3491 pro·

130 3513 259 3574 cedere
293 3533 362 3576 non
396 3514 612 3577 instituisset
642 3514 861 3578 Clementem
895 3514 1116 3596 episcopum,

88 3624 119 3673 30
129 3615 196 3678 nisi
219 3618 265 3678 de
289 3616 386 3680 facto
410 3617 504 3681 foret
529 3619 735 3701 episcopus;
760 3640 843 3703 ymo
860 3619 1001 3683 videtur
1020 3620 1117 3699 quod

129 3720 220 3783 sicut
244 3731 342 3784 actus
367 3723 592 3805 episcopales
616 3744 688 3786 non
703 3734 907 3807 repugnant
925 3733 998 3787 tam
1015 3722 1117 3785 simul

129 3845 231 3906 quam
267 3826 446 3908 paulative
479 3847 590 3910 super
622 3829 748 3890 eodem
780 3830 930 3912 populo,
967 3827 1019 3890 sic
1050 3846 1116 3889 nec

179 4095 201 4137 9.
217 4084 240 4126 A
250 4082 272 4124 in
284 4094 369 4137 marg.:
386 4081 514 4139 Episcopor
528 4084 588 4126 decos
602 4089 649 4127 stat
662 4095 712 4127 esre
722 4095 793 4139 super
803 4084 882 4127 eodem
894 4083 968 4138 popu!
986 4114 992 4125 .
1046 4081 1084 4127 30.
1101 4083 1117 4126 u

128 4151 150 4194 in
162 4163 248 4206 marga
266 4151 345 4196 Plures
359 4154 479 4209 episcopos
490 4166 561 4209 super
570 4155 649 4198 eodem
658 4153 745 4209 populo
756 4153 873 4210 contingit
883 4154 988 4208 legitime
998 4153 1116 4197 ordinari.

182 4278 222 4327 23.
243 4277 385 4326 Clementis
405 4277 422 4326 l.
436 4278 513 4326 Rom.
534 4288 605 4342 pont.
620 4280 689 4343 Opp.
709 4278 795 4328 «lubia.
816 4279 896 4344 Epist.
911 4278 1006 4330 decret.
1021 4280 1116 4345 lligne,

128 4367 183 4415 l'ut.
204 4379 273 4413 curs.
293 4367 386 4428 compl.
408 4368 463 4414 Ser.
484 4366 582 4414 Graece
602 4366 619 4431 l,
639 4365 698 4429 464.
