3008 5026
189 389 258 434 ein.
272 375 314 466 it]
486 396 530 446 os
551 394 761 445 POTESTATE
783 392 879 445 eree.

190 552 375 618 ecclesiam
404 552 488 617 cleri
511 553 642 635 Anglie
670 553 706 615 in
729 572 792 615 sua
817 552 982 615 libertate
1007 552 1176 636 primeva,

189 670 228 721 ut
251 658 335 723 dicit
350 660 477 722 beatus
495 658 670 723 Ysidorus
687 658 884 721 desummo
901 658 998 720 bono
1013 657 1105 721 libro
1122 657 1176 722 III

190 773 225 827 et
242 772 450 846 corporatur
459 762 593 826 XXIII
607 762 747 846 questio
758 762 806 825 V:
817 761 1004 844 Principes
1016 760 1176 828 Christus

97 868 160 934 2¹7⁵
188 879 305 932 autem
317 868 501 950 prohibuit
511 867 650 930 vicariis
666 866 739 930 suis
751 865 1175 952 dominacionemlhuius·

164 973 293 1050 5modi,
318 982 355 1036 et
370 972 405 1035 in
422 972 561 1055 signum
579 971 859 1035 confirmacionis
880 991 921 1035 ac
936 971 1175 1036 subieccionis

188 1078 291 1141 cleris
309 1077 459 1140 seculari
476 1076 630 1139 dominio
647 1077 746 1140 dedit
761 1097 829 1159 per
844 1076 990 1140 Petrum
1005 1076 1174 1154 tributum

188 1181 318 1259 Cesari,
342 1190 381 1245 ut
399 1190 499 1265 patet
520 1182 643 1245 Matth.
659 1180 785 1256 XVII;
809 1190 941 1265 potens
961 1180 1070 1267 igitur
1081 1181 1174 1244 blas·

187 1287 292 1350 femie
315 1287 375 1351 tali
398 1287 567 1350 resistere
597 1295 633 1349 et
657 1285 825 1350 omittens
848 1285 950 1349 nimis
976 1294 1031 1349 est
1054 1287 1173 1368 culpa·

186 1393 267 1456 bilis
291 1413 337 1456 ex
359 1411 546 1456 consensu.
573 1391 620 1455 Et
644 1391 723 1454 dico
756 1391 854 1474 quod
876 1390 943 1454 fuit
966 1393 1299 1499 scandalosawghnecss
1316 1409 1382 1499 2¹23.

148 1497 330 1580 ¹0peticio,
374 1498 455 1581 quia
497 1517 569 1560 non
607 1505 735 1580 posset
776 1495 964 1578 patencius
1007 1515 1174 1560 accusare
1383 1486 1390 1500 ’

189 1602 329 1680 curiam,
340 1623 443 1685 quam
455 1602 523 1665 sibi
534 1601 829 1666 contradictorius
846 1600 1002 1664 nominat
1017 1607 1173 1666 sanctam

185 1709 307 1772 sedem.
330 1706 369 1772 Si
386 1707 478 1771 enim
494 1716 593 1771 tanta
610 1706 813 1790 cupiditatis
830 1707 965 1769 macula
981 1705 1031 1769 sic
1047 1715 1173 1789 regnat

185 1812 220 1875 in
243 1813 302 1876 illa
326 1813 430 1890 curia,
454 1812 599 1876 indubie
623 1811 784 1894 sequitur
808 1812 905 1893 quod
928 1830 1023 1894 papa
1047 1820 1083 1875 et
1099 1830 1173 1874 car·

186 1917 321 1981 dinales
344 1926 426 1980 sunt
448 1921 500 1982 rei
522 1917 615 1980 illius
640 1915 792 1980 criminis
816 1916 873 1979 vel
899 1915 1172 1995 consenciendo,

146 2021 434 2086 ¹5auctorizando
467 2023 525 2085 vel
557 2023 637 2104 ipse
668 2021 703 2084 in
732 2041 887 2105 persona
910 2024 1055 2105 propria
1078 2022 1172 2085 illam

185 2126 419 2191 facinorosam
437 2127 638 2210 cupidinem
655 2126 922 2198 committendo;
943 2147 1022 2190 nam
1039 2147 1085 2190 ex
1100 2127 1172 2191 fide

184 2251 251 2314 pro
284 2234 379 2296 nullo
412 2235 509 2296 bono
542 2232 706 2315 possibili
744 2232 1005 2296 committerent
1037 2240 1172 2295 tantum

186 2336 324 2416 crimen,
356 2337 464 2420 igitur
495 2338 604 2400 multo
637 2336 751 2420 magis
782 2357 854 2400 non
886 2358 954 2420 pro
985 2337 1171 2420 temporali

183 2440 314 2505 iudicio
338 2451 473 2506 tantum
497 2443 540 2504 ab
563 2441 772 2524 apostolicis
797 2441 922 2507 alieno.

142 2557 174 2590 ²0
227 2545 368 2624 Iterum,
392 2546 534 2610 videtur
557 2547 652 2630 quod
668 2546 780 2610 forma
796 2546 941 2610 excedit
957 2546 1171 2628 peticionem
1216 2557 1236 2600 11
1250 2556 1349 2653 chained

184 2652 423 2735 apostolicam,
450 2659 525 2715 tum
554 2651 635 2733 quia
658 2651 758 2714 multi
781 2652 973 2715 centenarii
1001 2671 1171 2734 paparum
1208 2621 1358 2759 ἻΞΞΕΞΞΫ

183 2766 335 2840 possent
373 2759 418 2819 de
456 2765 552 2820 tanta
591 2757 783 2820 elemosina
821 2757 1022 2834 sustentari,
1061 2756 1170 2820 eciam

184 2862 397 2944 complendo
414 2863 559 2944 plenum
576 2863 706 2943 papale
724 2860 888 2937 officium,
906 2869 944 2924 ut
961 2860 1046 2924 dicit
1062 2862 1170 2924 Bern-

182 2968 311 3030 hardus
334 2966 425 3029 libro
449 2965 503 3028 IV
526 2967 571 3029 ad
592 2966 803 3048 Eugenium,
838 2974 874 3029 et
898 2976 1049 3031 testatur
1072 2967 1170 3049 Apo-

141 3073 297 3135 25stolus
320 3071 433 3155 prima
456 3071 566 3137 Thim.
590 3070 653 3149 VI,
678 3076 795 3150 8—-10,
829 3071 891 3134 ubi
918 3071 1041 3135 dicens
1073 3073 1171 3155 quod

183 3179 285 3241 radin
301 3177 457 3241 omnium
473 3179 648 3240 malornm
665 3181 712 3240 est
728 3179 900 3258 cupiditas
922 3196 989 3259 pro
1013 3178 1169 3242 remedio

183 3282 234 3344 sic
266 3281 400 3345 subdit:
440 3280 611 3344 Habentes
648 3283 756 3361 igitur
789 3283 957 3346 alimenta
989 3288 1019 3345 et
1049 3285 1170 3364 quibus

181 3392 341 3468 tegamur
363 3388 429 3450 hiis
452 3388 595 3449 contenti
617 3386 736 3449 simus.
760 3385 888 3448 Forma
902 3385 1012 3469 igitur
1028 3396 1169 3469 aposto-
1206 3397 1251 3439 ana
1267 3398 1306 3442 did
1322 3408 1362 3445 not

181 3490 247 3553 lica
273 3491 323 3553 ibi
347 3491 458 3566 deest,
488 3510 566 3553 cum
590 3490 790 3572 Apostolus
814 3491 967 3554 consulit
990 3511 1056 3574 pro
1078 3492 1169 3555 rele·
1220 3448 1353 3561 &elicitis

141 3606 170 3657 30
181 3594 319 3658 vamine
356 3596 545 3658 multorum
587 3603 789 3658 sanctorum
830 3595 1025 3674 Jerusalem
1072 3597 1170 3679 quod
1206 3555 1359 3602 ‘usum'

181 3698 330 3781 quilibet
349 3698 500 3762 ecclesie
518 3698 802 3763 Chorinthiorum
819 3699 878 3781 qui
894 3698 1046 3761 voluerit
1062 3701 1169 3763 bene·

182 3803 379 3867 diceionem
402 3806 487 3867 dare
510 3804 641 3867 sanctis
665 3805 862 3884 Jerusalem
896 3811 1048 3886 reponat
1070 3805 1169 3887 quod

181 3909 357 3990 placuerit
385 3909 468 3972 dare
492 3908 709 3987 abscondite,
738 3917 777 3972 ut
804 3917 905 3991 patet
928 3907 975 3973 11.
999 3907 1079 3972 Cor.
1103 3908 1168 3974 IX.

235 4132 268 4177 15.
282 4132 466 4188 cinctorium.-
487 4133 568 4176 codd:
591 4133 695 4176 autento.
718 4131 753 4176 ct.
775 4131 821 4176 Sex
840 4133 930 4186 species
948 4143 1087 4182 consensus,
1107 4145 1127 4177 e.
1144 4144 1166 4188 g.

180 4202 256 4246 Serm.
272 4201 312 4255 1v‚
329 4200 374 4257 359
390 4202 450 4257 ipse·
464 4203 495 4244 ita
509 4202 578 4246 codd.

233 4329 256 4380 3.
277 4327 379 4376 Decreti
403 4327 523 4376 Secunda
547 4327 617 4388 Pars,
640 4327 727 4378 Causa
744 4327 834 4390 lllllll,
859 4327 968 4389 Quaest.
982 4329 1013 4391 V,
1033 4343 1089 4394 cap.
1111 4329 1166 4379 xx.

230 4435 262 4476 o·
273 4437 387 4476 roten-u
402 4437 466 4482 rouo.
1041 4433 1069 4484 ii
