3008 5026
708 429 878 480 IOHANNIS
896 429 1037 481 WYCLIF
1217 413 1300 494 [CAP.
1316 425 1367 471 vn.

375 581 500 647 Matth.
522 583 611 648 XX.
650 583 711 650 Sic
739 585 831 648 enim
856 585 1016 650 Christus
1038 585 1106 650 fuit
1132 586 1286 650 omnium
1307 588 1368 649 ho·

375 687 506 749 minum
538 708 663 753 servus
696 691 919 753 necessarior
949 710 991 753 ac
1024 690 1151 770 mitior,
1190 699 1230 754 ut
1260 691 1371 753 docet

376 792 590 856 Ambrosius
620 793 782 876 epistola,
820 804 858 858 et
888 794 1114 878 Augustinus
1147 794 1204 857 De
1236 794 1370 858 Verbis

374 897 520 961 Domini
535 918 702 961 sermone
718 899 822 962 VIII:
846 900 1024 962 hominem
1040 907 1245 982 coaptatum
1265 919 1369 962 unam

374 1001 461 1064 fecit
482 1002 584 1065 Deus
609 1023 688 1066 cum
711 1022 819 1067 servo
842 1023 1042 1086 personam.
1075 1002 1201 1067 Voluit
1225 1003 1392 1087 inquam5

374 1125 526 1189 regnum
542 1127 643 1171 suum
661 1108 873 1190 conquirere
888 1128 955 1192 per
969 1108 1135 1171 humilem
1150 1107 1369 1191 pacienciam

373 1209 510 1291 iniurie,
564 1220 602 1276 et
644 1222 766 1276 cetera
803 1233 897 1276 arma
927 1212 1098 1277 virtutum
1130 1221 1168 1276 et
1197 1232 1272 1276 non
1304 1233 1370 1296 per

375 1316 545 1400 gentilem
581 1317 808 1397 dominatum,
841 1338 947 1400 quem
979 1317 1151 1401 apostolis
1183 1317 1257 1380 suis
1289 1338 1369 1400 pro·

373 1420 496 1501 hibuit,
529 1423 595 1484 sed
622 1422 756 1484 reverti
781 1422 897 1485 voluit
923 1422 968 1484 ad
990 1421 1155 1484 iudicium
1182 1421 1219 1485 in
1242 1421 1371 1486 celesti

374 1525 541 1589 Dominio
565 1526 736 1608 glorioso
775 1526 880 1589 Unde
903 1525 1087 1606 infidelior,
1108 1526 1312 1590 horribilior
1335 1537 1370 1589 et
1383 1552 1410 1586 ιο

374 1630 523 1693 stulcior
546 1651 618 1693 non
641 1639 769 1713 posset
791 1630 869 1694 fieri
891 1631 1036 1713 argucia
1051 1650 1156 1713 quam
1172 1650 1220 1694 ex
1236 1631 1371 1695 vicaria

373 1735 545 1818 primatus
567 1734 667 1798 Petri
696 1744 733 1797 et
756 1734 887 1797 Christi
915 1735 991 1798 eius
1020 1734 1188 1819 magistri,
1217 1755 1369 1819 arguere

373 1841 434 1903 vel
460 1839 608 1903 fundare
636 1839 672 1902 in
700 1859 822 1901 eorum
850 1839 990 1903 vicariis
1019 1839 1261 1923 triplicitatem
1288 1861 1368 1923 pre·

376 1942 505 2008 dictam
537 1945 758 2022 mundanam,
792 1962 872 2005 cum
904 1943 1047 2007 omnino
1077 1945 1292 2008 contrarium
1319 1945 1368 2009 in·

373 2047 518 2115 feratur.
1381 2057 1408 2107 15

417 2153 488 2217 Pro
522 2153 769 2216 declaracione
799 2172 887 2215 vero
919 2151 1022 2216 istius
1054 2153 1202 2217 materie
1234 2152 1369 2216 adduxi

374 2257 441 2321 alia
455 2259 564 2321 multa
577 2256 780 2322 testimonia
795 2258 841 2319 de
858 2256 999 2320 Christo
1022 2266 1059 2320 et
1074 2277 1181 2320 unum
1198 2258 1244 2320 de
1259 2259 1368 2321 beato

374 2363 583 2426 Bernhardo
619 2370 764 2444 oportet
786 2371 962 2443 repetere.
984 2360 1074 2424 Nam
1098 2361 1192 2425 libro
1209 2363 1369 2425 secundo

375 2468 420 2530 ad
434 2467 634 2551 Eugenium
656 2467 706 2530 ita
728 2466 867 2530 scribit:
896 2465 987 2547 Quid
1001 2467 1136 2531 dimisit
1153 2468 1214 2530 tibi
1229 2472 1370 2531 saucius

374 2576 559 2654 apostolus,
590 2574 679 2652 quod
709 2573 824 2646 labeo,
855 2572 916 2633 uoc
942 2572 1003 2634 tibi
1029 2571 1108 2656 dal
1138 2571 1228 2653 Quid
1256 2572 1369 2635 illud?
1400 2573 1453 2644 194⁶

379 2676 492 2740 Unum
515 2680 604 2742 scio:
626 2696 694 2740 uon
717 2682 765 2740 est
787 2695 917 2739 aurum
939 2695 1046 2757 nequa
1067 2682 1261 2758 argeutum,
1287 2694 1368 2739 cum

374 2783 447 2862 ipse
468 2782 576 2845 dicat:
598 2789 781 2863 argeutum
804 2786 834 2844 ai
857 2799 986 2844 aurum
1014 2799 1082 2844 uou
1105 2787 1154 2845 esi
1177 2781 1290 2844 michi.
1329 2779 1369 2843 Si

373 2885 497 2949 habere
534 2887 718 2967 contingat,
757 2891 850 2948 utera
881 2904 949 2948 uou
977 2904 1046 2967 pro
1083 2887 1181 2948 libitu
1212 2886 1274 2949 sed
1300 2904 1368 2966 pro

374 2993 534 3069 tempore.
560 2988 618 3052 Sic
645 2992 715 3053 eris
728 2995 826 3053 uicus
849 2988 919 3054 iilis
941 2990 1043 3069 quasi
1064 3009 1132 3053 uou
1155 2995 1261 3056 utens.
1283 2989 1369 3071 Ipsa

374 3093 512 3173 atridem
534 3095 583 3156 ad
606 3095 719 3158 animi
742 3095 868 3158 bouum
892 3114 961 3159 uou
983 3099 1145 3177 spectaui,
1172 3096 1410 3158 cuiusmodi25

374 3202 454 3260 suut
475 3200 607 3276 divicie,
629 3218 690 3262 uec
711 3205 791 3262 suut
807 3219 876 3281 per
897 3220 933 3264 se
955 3201 1043 3263 bona
1066 3218 1126 3262 uec
1148 3200 1255 3280 mala,
1284 3217 1370 3263 usus

374 3307 490 3365 autem
505 3303 627 3365 horum
644 3304 760 3385 bouus,
784 3305 903 3368 abusio
920 3306 1028 3379 mala,
1050 3304 1242 3367 sollicitudo
1260 3307 1369 3386 prior,

373 3411 509 3487 questus
531 3408 676 3489 turpior.
704 3408 784 3471 Esto
807 3416 844 3472 ut
866 3412 941 3474 alia
963 3411 1102 3472 racione
1123 3409 1182 3471 hec
1203 3409 1264 3471 tibi
1285 3426 1368 3471 ven·

374 3514 466 3575 dices
480 3514 541 3575 sed
555 3531 622 3575 uou
638 3514 822 3594 apostolico
840 3515 925 3577 iure.
949 3513 1019 3577 Nec
1034 3514 1127 3577 euim
1142 3514 1199 3576 ille
1211 3513 1272 3576 tibi
1281 3513 1369 3577 dare

369 3618 482 3698 potuit
495 3618 584 3696 quod
600 3635 668 3680 uou
683 3618 819 3693 habuit,·
839 3620 930 3698 quod
943 3618 1060 3681 habuit
1074 3619 1135 3681 hoc
1150 3617 1252 3699 dedit,
1275 3620 1368 3681 solii·
1380 3623 1412 3674 30

374 3723 559 3785 citudinem
575 3727 612 3784 ut
627 3724 699 3785 dixi
713 3741 819 3805 super
834 3725 1000 3788 ecclesias.
1016 3722 1195 3804 Numquid
1203 3724 1368 3788 domina-

427 3957 449 4001 7.
465 3945 553 3989 Codd.:
569 3948 704 3990 veritatum.
761 3947 792 3990 18.
811 3949 833 3991 Α
847 3947 870 3989 in
886 3959 973 4002 marg:
995 3946 1063 3990 Nata.
1079 3946 1141 3990 Nota
1156 3947 1248 3990 beatum
1262 3944 1368 3992 Bernar-

375 4015 428 4058 dum
442 4020 525 4059 cauira
539 4015 724 4059 dominacionem
739 4015 799 4059 cleri
810 4015 852 4058 sed
864 4027 911 4059 aar
926 4019 1009 4059 eontra
1024 4016 1187 4070 temporalium
1199 4016 1369 4070 possessionem

375 4090 398 4129 et
410 4086 633 4141 appropriacionem
648 4085 826 4141 euangelicam,¹
842 4085 859 4128 B
876 4089 899 4129 in
920 4097 1007 4141 marga
1033 4085 1095 4140 Quid
1113 4086 1202 4131 dimisit
1223 4085 1370 4131 Petrurrru'r

372 4155 553 4200 successoribus.
609 4152 645 4198 23.
662 4158 733 4197 utere.
751 4152 840 4198 Codd.:
855 4166 917 4198 uere.
981 4167 1016 4208 24.
1034 4151 1123 4199 Codd.:
1138 4155 1232 4198 malicia
1246 4156 1368 4211 temporis.

428 4285 450 4335 3.
470 4285 506 4336 St.
526 4283 665 4348 Augustini
686 4285 754 4349 Opp.
774 4290 839 4332 tom.
858 4283 889 4345 V,
909 4299 934 4348 p.
954 4284 1012 4348 373.
1089 4298 1126 4350 ¹9·
1146 4283 1209 4348 Cep.
1228 4282 1273 4335 Vl.
1296 4282 1368 4349 Opp.

374 4373 484 4437 (Migne)
504 4372 521 4432 l,
541 4370 600 4436 748.
