3008 5026
137 403 207 448 cun
228 390 289 468 lul
441 405 484 455 m:
505 405 715 455 potestate·
735 407 832 456 tenue.

135 570 256 647 portet.
280 564 336 626 Ex
352 562 430 626 istis
446 562 588 624 videtur
603 564 701 644 quod
716 565 872 645 prelacia
888 567 1128 632 ecclesiastica

136 668 213 731 sine
236 677 385 749 peccato
408 667 534 729 saltem
552 666 682 728 veniali
699 688 769 730 non
786 671 921 750 poterit
937 672 1127 754 acceptari.

137 773 270 836 Omnes
305 772 396 834 enim
429 781 605 852 quotquot
634 784 811 836 venerunt
846 785 928 836 sunt
960 774 1056 838 fures
1093 788 1130 841 et

136 880 302 952 latrones,
326 877 387 958 qui
410 875 588 958 accipiunt
610 876 698 939 illud
714 887 864 960 propter
881 881 1051 942 honorem
1068 884 1127 944 vel

115 982 360 1045 §commodum
384 982 590 1062 temporale,
613 982 710 1064 quod
733 983 814 1063 plus
836 984 1027 1064 prelaciam
1046 1006 1129 1067 que·

139 1086 236 1150 sitam
269 1085 471 1149 sollicitudo
505 1096 541 1148 et
568 1095 669 1149 actus
699 1107 821 1149 eorum
850 1087 1053 1153 diiudicant.
1090 1090 1128 1153 Si

139 1189 244 1271 igitur
260 1190 337 1253 sine
353 1190 413 1252 tali
437 1189 662 1273 obligacione
688 1192 918 1274 superaddita
939 1213 1129 1275 possumus

140 1296 217 1376 plus
233 1297 290 1357 vel
315 1304 449 1358 tantum
473 1295 648 1377 prodesse
665 1297 814 1378 populo,
838 1299 880 1358 ad
904 1297 987 1379 quid
1013 1299 1127 1380 queri·

139 1418 214 1464 mus
240 1399 380 1462 vincula
407 1399 654 1481 temporalium
684 1409 722 1463 et
747 1400 974 1482 professione
1002 1422 1125 1485 super·

97 1527 129 1561 ιο
141 1504 255 1568 addita
278 1504 457 1586 colligari?

179 1610 225 1671 Et
256 1613 323 1672 sub
355 1609 424 1671 ista
456 1618 583 1671 octava
616 1609 770 1671 stulticia
809 1620 891 1673 sunt
929 1611 1022 1674 mille
1061 1612 1127 1675 alie

138 1714 386 1797 germinantes,
426 1724 464 1776 ut
501 1733 594 1775 nona
632 1713 755 1775 abusio
795 1727 860 1787 est,
899 1716 996 1796 quod
1034 1736 1128 1798 papa

138 1817 309 1899 presumit
325 1838 390 1898 per
406 1828 519 1879 totum
533 1817 825 1880 christianismum
842 1828 1000 1882 statuere
1017 1820 1127 1883 duces

138 1922 338 2003 spirituales
354 1933 390 1983 et
406 1921 574 1997 medicos,
591 1942 658 2003 pro
669 1942 819 2004 quorum
836 1924 965 1986 ducatu
982 1934 1128 2006 oportet

98 2036 127 2086 15
139 2026 251 2108 ipsum
269 2046 404 2089 summo
421 2026 526 2089 iudici
543 2028 770 2108 respondere.
794 2027 865 2102 Sic,
881 2029 1034 2110 inquam,
1055 2049 1126 2091 non

138 2131 299 2194 fecerunt
309 2131 445 2209 Petrus,
457 2131 656 2212 Gregorius
669 2131 827 2194 etceteri
843 2133 958 2194 sancti
974 2134 1126 2195 ecclesie

138 2235 325 2318 primitive,
354 2236 419 2298 sed
447 2235 685 2317 permiserunt
709 2236 853 2298 aliorum
884 2239 1127 2318 apostolorum

136 2339 383 2403 instituciones
394 2350 430 2401 et
444 2350 676 2421 expertorum
689 2340 889 2403 elecciones
901 2341 1108 2423 procedere.

88 2450 103 2499 'l'
137 2443 225 2506 Nam
237 2447 305 2507 hoc
329 2446 438 2508 (lebet
454 2447 610 2527 populus
627 2446 708 2526 plus
729 2465 860 2523 curare,
883 2445 1025 2509 dicente
1041 2445 1127 2509 Gre-

95 2574 126 2606 ευ
136 2549 236 2630 gorio
260 2549 374 2631 primo
397 2549 590 2612 Pastoralis
612 2548 663 2612 lx
687 2549 857 2631 capitulo:
890 2550 978 2614 Cum
1001 2569 1125 2613 curum

136 2657 252 2735 populi
284 2654 405 2717 electus
440 2656 560 2735 presul
597 2654 746 2735 suscipit,
783 2656 883 2733 qrtasi
920 2656 967 2716 ad
1004 2667 1126 2734 agrum

142 2760 291 2821 rnedicus
313 2760 448 2822 accedit.
471 2758 576 2821 Unde
594 2758 750 2820 creditur
771 2760 868 2839 quod
890 2757 1126 2834 provisiones.

137 2863 405 2925 reservaciones
428 2872 465 2924 et
488 2862 799 2946 privilegiaciones
827 2872 896 2924 tarn
921 2863 1054 2944 amplas
1078 2863 1126 2924 in·

137 2967 238 3030 duxit
275 2987 346 3029 non
384 2988 480 3029 amor
519 2967 642 3030 salutis
686 2966 819 3029 subditi
851 2971 908 3029 vel
943 2967 1126 3029 excellens

94 3071 330 3152 rtspecularis
363 3071 556 3154 prudencia
589 3072 654 3133 sed
686 3082 795 3134 mater
824 3069 1013 3152 cupiditas;
1047 3091 1125 3133 curn

136 3175 196 3237 ubi
219 3177 351 3238 lucrum
376 3176 512 3239 tollitur
536 3187 678 3238 cessant
700 3175 978 3239 constituciones
1010 3174 1124 3237 huius·

135 3280 239 3354 modi,
264 3280 372 3342 eciam
397 3280 481 3343 licet
504 3279 616 3359 magis
640 3282 854 3361 prodessent
878 3279 1040 3342 ecclesie.

179 3383 326 3446 Decima
349 3384 472 3448 abusio
498 3398 562 3462 est,
595 3386 692 3467 quml
721 3406 814 3466 papa
842 3383 1014 3466 presumit
1038 3385 1126 3446 ultra

137 3487 311 3551 Christum
344 3491 400 3552 vel
434 3500 577 3552 sanctos
609 3494 796 3572 apostolos
835 3490 1035 3551 concedere
1074 3488 1124 3549 sic

93 3604 222 3655 3ocece
260 3593 504 3674 indulgencias
548 3607 584 3656 et
622 3593 820 3675 privilegia,
864 3614 942 3654 cum
980 3593 1124 3674 ignorat

139 3697 369 3760 communiter
380 3698 409 3759 si
423 3700 522 3761 lleus
538 3699 603 3759 hcc
616 3700 802 3779 approbat,
818 3699 874 3758 vel
887 3698 930 3758 ad
942 3696 1124 3776 utriusque

136 3801 247 3884 partis
270 3803 427 3865 deterius
451 3803 690 3884 reprehendit.
730 3803 816 3864 Nam
843 3804 899 3862 vel
929 3812 983 3861 est
1012 3799 1123 3860 indul-

135 3907 262 3991 gencia
293 3906 372 3969 talis
405 3907 599 3989 sophistica
622 3909 679 3969 vel
713 3905 913 3988 personalis
942 3914 978 3966 et
1006 3912 1125 3982 empta

137 4012 194 4072 vel
214 4010 331 4094 dignis
352 4011 481 4094 quibus
501 4012 691 4093 proficeret
708 4009 809 4073 nimis
826 4029 940 4091 parca.
963 4005 1001 4071 Si
1017 4005 1125 4088 igitur

190 4296 211 4329 a.
231 4284 318 4330 codd:
338 4286 388 4329 sine
404 4293 499 4340 puncto.
561 4299 593 4330 η.
614 4286 689 4331 coda
709 4287 732 4328 in
754 4297 840 4339 marp:
862 4298 883 4330 o.
947 4282 985 4325 28.
1004 4279 1080 4325 Codd.
1100 4279 1122 4322 in

137 4365 222 4408 murga
238 4367 271 4398 ro.

1160 1648 1182 1686 lt.
1198 1631 1287 1674 lJlalms
1301 1633 1323 1673 ol

1173 1691 1308 1739 patronage.

1183 3405 1214 3435 lo.
1232 3392 1297 3434 t'atsc

1177 3451 1257 3497 gratus
1272 3443 1298 3485 ot

1168 3497 1314 3550 indulgence.
