3008 5026
703 382 872 435 Jonnrmis
891 384 1031 435 wrcin-
1214 366 1298 454 [cnr.
1317 383 1358 431 m.

372 544 556 626 donorum,
578 551 616 605 et
631 543 772 625 quando
789 544 915 605 crebro
932 561 971 605 se
987 542 1157 624 exposuit
1172 551 1253 608 ante
1270 543 1359 608 alios

371 648 567 732 apostolos,
597 668 670 711 non
693 646 744 711 sic
767 646 854 711 fecit
876 647 995 730 gracia
1016 647 1182 711 mundani
1211 649 1360 713 honoris

370 750 444 838 vell
458 752 644 833 commodi,
669 753 735 816 sed
757 751 944 830 humiliter,
966 751 1180 817 obedienter
1200 763 1236 818 et
1251 754 1361 818 servi·
1394 763 1451 829 175⁶

370 858 453 922 liter
475 878 542 941 pro
566 858 814 941 supportando
839 876 949 920 onere
966 857 1103 923 Christi.
1126 857 1173 922 Et
1196 859 1247 922 sic
1264 858 1360 942 quic·

372 962 458 1046 quid
481 964 525 1026 de
547 963 627 1045 ipso
651 962 803 1045 legimus
826 981 957 1026 sonans
979 962 1016 1024 in
1036 962 1112 1026 eius
1129 962 1387 1027 maioritatem5

372 1086 481 1149 super
512 1066 600 1130 alios
632 1068 818 1149 apostolos
847 1066 932 1130 dicit
953 1065 1188 1130 maioritatem
1211 1088 1275 1131 sue
1298 1069 1361 1132 hu·

372 1171 528 1235 militatis
556 1180 662 1255 atque
687 1170 838 1245 servicii,
869 1170 951 1254 quia
972 1171 1072 1235 iuxta
1098 1173 1168 1234 hoc
1191 1173 1304 1236 debet
1325 1173 1360 1236 in

373 1277 425 1340 eis
457 1276 635 1339 maioritas
667 1275 812 1357 attendi,
845 1286 883 1340 ut
914 1284 1016 1359 patet
1047 1276 1155 1343 Mam.
1182 1275 1293 1341 XVII
1326 1287 1364 1341 et

372 1381 466 1445 Luce
490 1379 604 1443 XXII
628 1401 674 1443 ex
699 1380 916 1444 diffinicione
939 1380 1108 1465 magistri.

416 1485 592 1567 Quantum
609 1484 654 1546 ad
669 1483 813 1547 terciam
830 1484 1008 1567 virtutem,
1025 1483 1162 1547 scilicet
1172 1484 1364 1569 caritatem,
1377 1507 1408 1543 ιο

372 1600 474 1675 patet
490 1592 587 1673 quod
602 1589 732 1653 Petrus
749 1589 868 1652 socios
892 1609 978 1652 suos
1000 1597 1239 1672 precesserat,
1262 1597 1364 1671 patet

374 1717 421 1759 ex
435 1696 580 1759 fervore
592 1714 751 1776 operum,
763 1695 859 1777 quod
876 1703 1022 1776 oportet
1037 1695 1365 1778 correspondenter

375 1821 422 1864 ex
448 1799 571 1863 maiori
599 1798 795 1862 dileccione
822 1799 1036 1881 procedere;
1071 1808 1107 1861 et
1140 1799 1366 1864 confirmatur

375 1925 421 1968 ex
452 1905 521 1967 hoc
555 1903 652 1986 quod
685 1904 785 1967 aliter
806 1903 936 1967 Petrus
959 1902 1053 1966 foret
1076 1902 1179 1966 nimis
1200 1903 1364 1986 ingratus

372 2009 441 2074 nisi
467 2008 674 2092 magistrum
701 2017 771 2071 tam
799 2007 1025 2092 singulariter
1053 2029 1132 2070 eum
1156 2007 1364 2092 diligentem
1380 2019 1408 2070 15

374 2135 394 2178 a
415 2123 513 2178 tanta
534 2113 756 2196 blasphemia
780 2116 1046 2197 abstergentem
1075 2123 1112 2177 et
1139 2133 1249 2197 super
1274 2134 1366 2178 oves

373 2239 455 2283 suas
465 2237 644 2302 generose
654 2219 899 2300 proficientem
910 2219 1239 2300 correspondenter
1250 2218 1364 2303 magis

374 2323 549 2387 dilexerit.
586 2322 634 2386 Et
664 2324 891 2387 confirmatur
923 2324 1036 2387 tercio
1070 2343 1116 2385 ex
1146 2324 1225 2405 hoc,
1266 2324 1366 2406 quod

375 2428 477 2493 aliter
491 2427 661 2510 magister
676 2429 754 2508 Joh.
766 2429 888 2492 ultimo
905 2427 1164 2511 inpertinenter
1180 2437 1364 2511 quereret:

375 2534 503 2614 Symon
527 2532 706 2610 Johannic
743 2535 861 2614 diligis
886 2553 940 2596 me
967 2534 1050 2614 plus
1070 2533 1147 2611 hiis,
1181 2541 1219 2596 et
1247 2531 1366 2596 statim
1378 2553 1410 2589 20

376 2659 422 2701 ex
458 2635 653 2700 maioritate
691 2636 897 2700 dileccionis
932 2635 1119 2700 committit
1156 2635 1225 2700 sibi
1264 2656 1366 2699 suam

378 2740 564 2804 ecclesiam
587 2740 632 2803 ad
653 2741 883 2823 pascendum.

166 2855 277 2899 virerent
290 2865 354 2910 ways
420 2844 495 2910 Sed
518 2846 709 2910 notandum
734 2849 785 2927 (ut
800 2865 908 2928 supra
923 2844 1041 2927 tetigi)
1066 2847 1164 2928 quod
1178 2844 1368 2928 multiplex

209 2907 236 2952 ol
248 2908 307 2951 love.

377 2960 433 3015 est
473 2949 570 3012 racio
614 2950 763 3012 amandi:
811 2949 951 3032 quidam
995 2949 1088 3013 enim
1129 2951 1211 3032 plus
1250 2960 1368 3012 amant

377 3054 553 3119 Christum
577 3056 772 3117 secundum
794 3054 971 3118 racionem
995 3054 1201 3136 divinitatis
1228 3064 1268 3118 ut
1294 3063 1408 3118 cre-25

375 3159 470 3223 ditur
502 3160 548 3223 de
571 3160 814 3239 Evangelista,
848 3160 991 3243 quidam
1015 3180 1103 3224 vero
1136 3161 1217 3243 plus
1251 3171 1368 3225 amant

376 3285 454 3328 eum
478 3266 671 3327 secundum
687 3263 865 3328 racionem
889 3284 953 3327 sue
975 3265 1209 3346 humanitatis
1232 3275 1272 3329 ut
1293 3285 1367 3329 cre·

377 3369 472 3432 ditur
488 3370 533 3432 de
549 3369 728 3452 Philippo,
753 3378 789 3433 et
814 3369 955 3452 quidam
976 3370 1172 3433 secundum
1187 3369 1368 3434 racionem

376 3474 585 3538 dileccionis
608 3473 663 3538 sui
687 3475 858 3556 corporis,
882 3474 979 3556 quod
996 3483 1052 3538 est
1068 3473 1233 3549 ecelesia;
1258 3482 1296 3538 et
1315 3473 1368 3538 sic

376 3580 421 3642 de
452 3579 596 3642 infinitis
629 3578 704 3642 aliis
736 3579 940 3643 racionibus
977 3589 1014 3645 et
1036 3579 1184 3643 istorum
1212 3579 1368 3642 subdivi·
1379 3590 1411 3640 30

377 3683 548 3765 sionibus,
581 3703 649 3766 pro
674 3683 803 3766 quibus
837 3685 882 3746 de
911 3685 1074 3766 quolibet
1097 3692 1221 3747 sancto
1245 3682 1369 3747 dicunt

376 3786 462 3850 illud
494 3787 739 3851 Ecclesiastici
761 3787 894 3870 XLIV,
917 3809 958 3852 zo
990 3787 1178 3852 verificari:
1211 3787 1287 3852 Non
1321 3794 1368 3852 esi

430 4078 452 4115 4.
467 4065 488 4105 A
503 4063 527 4105 in
543 4075 628 4118 marg:
650 4062 720 4106 Petro
739 4063 854 4119 quidquid
869 4063 996 4107 ascribitur
1013 4075 1084 4119 super
1098 4064 1159 4107 alios
1176 4064 1297 4118 apostolor
1311 4064 1370 4108 dicii

378 4133 536 4177 maioritatem
556 4143 597 4176 we
617 4133 756 4178 humilitatis
776 4139 801 4177 et
821 4134 922 4177 servicii.
987 4146 1021 4177 ιο.
1043 4133 1084 4178 ΑΒ
1106 4133 1129 4177 in
1151 4145 1238 4189 τηετις
1262 4133 1365 4180 Caritas.

380 4203 413 4248 16.
429 4202 457 4246 B:
474 4202 611 4258 blesphemia
626 4202 698 4246 deest.
754 4203 790 4248 23.
806 4203 823 4245 Β
838 4203 860 4247 in
876 4215 963 4258 marg:
978 4203 1050 4247 Ratio
1063 4203 1161 4247 amandi
1172 4202 1298 4259 multiplex.

433 4343 473 4381 20.
491 4327 550 4380 Joh.
568 4329 634 4392 lllll,
657 4338 695 4392 ις.
