3008 5026
144 427 215 470 anu
236 409 297 497 nn]
444 429 487 479 nn
508 428 718 480 POTEsTnTn
738 429 837 481 ΡΑΡΕ.

144 586 252 651 Unde
268 587 360 650 libro
378 585 414 651 ΙΙ
438 606 515 670 cap.
538 586 685 650 XVIII:
710 587 814 664 Dum,
834 586 956 669 inquit,
975 605 1038 668 per
1051 587 1131 650 aui-

145 711 288 756 marum
306 695 482 774 presulem
497 692 625 756 terreni
639 697 814 755 exercetur
828 691 982 772 officium
998 693 1132 771 iudicis,

144 817 168 860 a
191 798 310 879 gregis
336 797 491 860 custodia
518 802 615 860 vacat
642 815 729 859 cura
751 798 907 878 pastoris
937 802 967 860 et
993 798 1132 861 subiecti

143 903 298 967 veritatis
323 903 440 966 ltnuen
463 904 715 984 apprehendere
739 908 911 983 nequeunt,
937 903 1020 983 quia
1047 904 1131 966 diem

118 1012 131 1063 5
138 1009 295 1090 pastoris
331 1026 451 1071 sensus
486 1013 623 1070 terrena
655 1008 786 1071 indicia
809 1013 986 1089 occupant,
1037 1012 1132 1072 vento

143 1112 381 1192 temptaciouis
405 1112 586 1192 impulsus,
610 1112 744 1175 ecclesie
764 1113 878 1175 oculos
897 1113 1014 1193 pulvis
1034 1118 1132 1176 cecat.

146 1216 245 1297 Quod
259 1233 337 1279 cum
350 1213 506 1281 Christus
521 1235 543 1278 a
559 1216 686 1279 ventris
700 1218 885 1280 voracitate
900 1222 1131 1299 compesceret,

141 1322 300 1382 adiunxit
314 1320 445 1384 dicens:
461 1319 629 1382 Attendite
644 1321 751 1400 igitur
765 1323 867 1402 vobis,
884 1340 926 1386 ne
941 1327 1132 1402 graventur

141 1425 248 1488 corda
272 1430 384 1488 vestra
408 1426 443 1486 in
466 1426 613 1505 crapula
637 1429 666 1487 el
689 1425 855 1506 ebrietate,
880 1427 970 1490 illico
992 1428 1042 1490 sic
1063 1429 1130 1490 ad·

102 1530 266 1592 miroalt:
287 1530 357 1594 Ant
378 1532 414 1592 iu
437 1531 532 1592 cirris
553 1530 655 1592 helius
677 1531 750 1593 vite.
777 1529 840 1594 Ubi
860 1550 1025 1612 pavorem
1049 1535 1128 1595 acti-

140 1631 242 1708 eieus,
265 1651 307 1697 ne
319 1634 426 1714 sorte,
451 1635 568 1713 iuquit,
590 1636 809 1714 superveniat
832 1637 904 1698 dies
927 1637 987 1698 itta
1008 1655 1128 1717 repeu-

140 1739 225 1818 tiua,
278 1741 376 1801 citius
416 1740 616 1818 qualitatem
657 1739 885 1802 denuncians:
941 1739 1129 1820 Tamquam

140 1846 291 1923 lexqueus,
324 1844 441 1923 inquit,
473 1845 585 1907 venial
606 1862 710 1923 snper
738 1862 863 1919 omnes,
894 1845 953 1924 qni
978 1844 1131 1908 habitant

139 1947 383 2027 superjaciem
400 1949 514 2010 omnis
527 1954 627 2010 terre.
654 1946 745 2010 Hinc
760 1950 885 2011 iterum
901 1949 1000 2011 dicit:
1023 1947 1130 2011 Neruo

100 2059 128 2110 15
135 2057 246 2135 potest
273 2054 404 2115 duolncs
430 2054 581 2115 dominis
607 2055 752 2132 servire;
783 2055 860 2116 irinc
887 2054 1020 2117 Paulus
1045 2055 1129 2115 reli-

135 2158 317 2238 giosorum
348 2162 473 2219 ruentes
500 2176 521 2218 a
545 2159 669 2219 rictrudi
695 2159 867 2220 consorcia
906 2159 1129 2221 conveniendo

139 2263 315 2342 suspendit
343 2263 471 2324 dicens:
499 2260 606 2325 Nemo
633 2265 788 2326 militaus
815 2263 885 2326 Deo
913 2264 1068 2344 implicat
1094 2284 1131 2326 se

141 2367 290 2446 negociis
316 2367 535 2443 secularibus,
568 2373 604 2428 nt
632 2369 663 2429 ei
683 2369 792 2448 placet
819 2369 874 2430 cni
900 2386 935 2430 se
962 2369 1130 2448 probavit.

142 2471 229 2532 Hinc
250 2473 383 2533 ecclesie
405 2473 591 2534 rectoribus
618 2477 647 2534 et
675 2473 821 2535 vacandi
846 2474 964 2535 studia
982 2474 1130 2554 precipit

88 2577 111 2621 <⁴¹
139 2579 169 2636 et
197 2576 393 2637 consulendi
422 2575 575 2637 remedia
603 2576 744 2639 ostendit
765 2576 769 2653 Ι
789 2576 918 2639 dicens:
949 2574 1130 2639 Secularia

139 2692 221 2759 ergo
245 2679 385 2758 iudicia,
417 2681 449 2741 si
470 2679 656 2742 habueritis
679 2681 941 2761 contemptibiles
966 2682 1025 2762 qui
1052 2688 1131 2745 sunt

140 2785 176 2845 iu
199 2784 336 2846 ecclesia
374 2785 450 2846 illos
472 2785 662 2846 constituite
684 2787 731 2846 ad
754 2787 991 2863 indicandum,
1020 2794 1055 2849 ut
1078 2789 1130 2849 itti

141 2887 291 2949 videlicet
318 2888 632 2967 dispensacionibus
654 2891 799 2952 terrenis
822 2891 1020 2965 inserviant,
1047 2910 1130 2970 quos

140 2993 232 3053 dona
254 2993 452 3072 spiritualia
479 3011 543 3054 non
568 3000 741 3069 exornant,
769 3001 815 3069 ut,
842 2997 922 3074 quia
946 3001 1130 3076 penetrare

96 3101 127 3151 25
140 3097 264 3158 intima
289 3101 452 3175 tteqnennt
471 3098 591 3159 saltem
608 3097 705 3176 forts
726 3100 921 3160 necessaria
937 3106 1128 3179 operentur.

140 3198 234 3262 Hinc
262 3200 397 3280 Moyses
423 3220 445 3263 a
476 3197 577 3264 Getro
606 3204 800 3279 alienigena
838 3205 1014 3266 italicalnr
1039 3206 1130 3284 quod

139 3306 285 3366 terrenis
308 3305 455 3385 negociis
474 3309 684 3386 popularum
701 3309 800 3370 stulto
815 3309 931 3369 labore
949 3307 1128 3388 deserviat,

140 3409 196 3470 cni
218 3409 400 3472 consilium
428 3428 507 3472 ntor
531 3413 701 3491 prebetur,
741 3418 776 3474 ut
800 3430 867 3491 pro
894 3431 930 3475 se
966 3414 1055 3475 alios
1082 3416 1129 3474 ad

140 3513 258 3593 iurgia
291 3514 488 3576 dirimenda
521 3517 711 3591 constituat,
746 3525 774 3577 et
806 3517 879 3596 ipse
910 3518 1050 3579 liberius
1082 3520 1129 3578 acl

97 3619 344 3681 3oaudieudos
366 3621 513 3700 populos
540 3621 740 3700 spiritualia
765 3621 918 3683 oreliano
942 3629 1127 3702 cognoscat.

183 3723 213 3786 A
224 3724 380 3786 subiectis
390 3743 466 3786 vcro
478 3725 646 3803 inferiora
654 3727 807 3800 gerenda
818 3731 906 3800 sunt,
918 3728 1129 3789 arceioribus

139 3828 272 3890 celestia
289 3830 470 3906 cogitanda
490 3835 523 3891 ut
539 3831 663 3891 scilicet
677 3831 824 3899 oculum,
840 3832 900 3909 aiii
911 3832 1130 3911 providendi

136 3933 312 4011 gressibus
340 3935 537 4013 precinunt,
569 3951 654 3995 cura
686 3934 839 4012 pulveris
870 3953 936 3996 non
968 3936 1127 3997 obscuret.

197 4208 216 4241 t.
236 4192 283 4242 list
302 4208 358 4258 cap.
373 4193 415 4242 Vll
441 4208 491 4241 sec.
516 4194 604 4258 partis.
675 4193 698 4243 8.
719 4194 780 4243 Luc.
802 4193 865 4251 ΧΧΙ,
891 4196 931 4256 34.
1006 4210 1044 4247 so.
1063 4197 1128 4244 Luc.

141 4277 205 4344 XXI,
220 4280 259 4342 34.
337 4297 373 4342 'i-
389 4280 450 4329 luc.
465 4279 529 4338 XXl,
544 4281 583 4331 35.
660 4279 696 4328 15.
713 4281 775 4329 laic.
789 4280 856 4346 XVI,
873 4281 910 4332 13.
986 4297 1021 4344 ¹7·
1037 4282 1042 4329 l
1057 4281 1127 4334 Tim.

141 4363 170 4432 11,
188 4382 213 4426 e„
286 4382 324 4417 20,
346 4368 352 4416 1
374 4368 433 4420 Cor.
448 4367 489 4428 Vl,
507 4383 532 4430 4,
605 4382 645 4434 ²9·
665 4367 748 4419 Exod.
768 4368 858 4434 xvm,
882 4383 919 4433 17,
943 4366 980 4418 18.
