3008 5026
149 412 219 457 car.
240 395 301 485 χιι]
444 417 488 467 nn
509 416 719 470 ΡοτΕετΑτΕ
737 423 843 472 Para-.-

148 574 185 637 in
217 575 387 637 honorem
415 573 557 637 Domini
589 580 866 660 expurgandam,
894 583 970 662 sed,
994 580 1136 643 dimissa

148 679 209 742 illa
225 677 460 742 sollicitudine
476 678 607 742 vicaria
629 700 696 762 pro
713 681 865 760 Christo,
881 686 1013 747 nitatur
1027 685 1135 746 modo

150 782 304 846 Luciferi
332 782 525 846 secundum
555 804 694 848 omnem
731 787 906 852 racionem
940 808 1009 871 que
1043 788 1137 871 sapit

150 887 402 951 excellenciam
425 907 522 951 suam
545 889 712 952 fratribus
736 891 809 954 suis
831 903 868 956 et
882 893 1085 976 specialiter
1101 894 1135 956 in

125 991 420 1056 atestinacionem
452 992 612 1056 veritatis
644 997 923 1076 precellentibus
956 997 1135 1061 dominari.

149 1097 259 1161 Istam
283 1097 461 1160 materiam
486 1099 642 1160 declarat
659 1099 851 1182 Gregorius
874 1101 909 1165 II
925 1102 1065 1167 Pastor.
1081 1101 1136 1165 VI

149 1212 275 1265 notans
299 1200 412 1284 primo
442 1202 539 1283 quod
567 1205 671 1285 culpa
704 1224 750 1266 ex
777 1205 1034 1269 insufficiencia
1055 1226 1135 1289 pro·

148 1305 215 1389 prii
242 1305 423 1387 regiminis
460 1306 598 1370 induxit
630 1307 830 1372 huiusmodi
856 1310 1055 1393 prelaciam,
1083 1330 1134 1374 se·

149 1411 266 1473 cundo
295 1411 392 1492 quod
419 1412 577 1491 prelatus
605 1412 717 1475 debet
744 1433 824 1476 esse
852 1414 992 1478 humilis
1015 1415 1134 1478 socius

108 1514 253 1579 10bonis
285 1514 448 1591 subditis,
487 1525 523 1578 et
554 1515 666 1579 tercio
699 1518 796 1599 quod
833 1519 994 1602 regimen
1032 1539 1133 1583 suum

148 1622 259 1683 debet
291 1639 462 1683 exercere
495 1639 574 1683 cum
605 1621 727 1684 debita
758 1623 950 1688 severitate
977 1624 1013 1686 in
1041 1622 1134 1687 ieras

149 1733 299 1805 egentes
322 1723 503 1805 regimine,
535 1732 573 1786 ut
594 1734 679 1806 puta
702 1735 826 1789 contra
849 1746 913 1791 eos
941 1727 976 1789 in
1004 1728 1133 1810 quibus

147 1827 273 1893 Ihesus
306 1829 578 1912 contempnitur.
617 1830 663 1892 Et
695 1831 840 1893 adducit
871 1833 915 1895 ad
946 1835 1015 1895 hoc
1047 1832 1134 1896 illud

149 1932 300 1996 Genesis
310 1931 442 2008 XLVI,
453 1953 509 2012 34:
526 1934 810 1998 Pastoresoninm
819 1955 948 2000 snmus.
965 1934 1133 2000 Secundo

107 2041 134 2092 15
148 2037 278 2101 Genes.
301 2036 368 2114 ΙΧ,
397 2058 406 2098 1
439 2037 524 2101 dicit
547 2038 648 2101 Deus
675 2045 788 2103 terror
810 2045 917 2104 vester
943 2059 985 2104 ac
1006 2045 1135 2105 tremor

145 2144 190 2206 sit
205 2162 312 2224 super
326 2148 446 2205 cuncta
461 2144 633 2206 animalia
648 2150 753 2219 terra·
774 2145 810 2207 in
833 2164 904 2227 quo
929 2165 1009 2209 esse
1026 2166 1135 2228 super

90 2247 119 2314 7ά
146 2247 306 2310 homines
326 2245 331 2328 1
352 2247 568 2328 prohibetur.
606 2248 648 2310 In
673 2250 735 2312 lroc
760 2251 863 2323 anim,
889 2253 979 2330 qnod
1006 2255 1133 2313 metam

145 2353 211 2416 sibi
236 2372 258 2415 a
282 2370 443 2432 perverse
469 2353 653 2416 viventibus
680 2355 825 2434 exigunt,
852 2356 953 2434 qnasi
978 2373 1046 2418 non
1071 2355 1132 2418 ho-

148 2458 296 2520 minibus
310 2459 369 2519 sed
384 2458 595 2520 animalibus
610 2459 845 2521 dominantur.
869 2458 926 2520 Ex
942 2458 1018 2521 istis
1039 2458 1135 2521 elicit

104 2570 290 2625 20sanctus
323 2560 435 2624 tercio
468 2561 593 2623 multas
626 2562 920 2625 demonstrabiles
953 2563 1133 2637 veritates,

147 2665 261 2747 prima
284 2666 380 2747 quod
404 2673 527 2728 contra
547 2674 705 2728 naturam
723 2676 779 2735 est
797 2675 834 2728 et
850 2666 1018 2749 superbia
1033 2666 1133 2729 Luci·

147 2770 213 2833 feri
245 2770 338 2831 velle
371 2771 413 2832 ab
447 2769 632 2851 equalibus
664 2769 699 2831 in
742 2779 866 2833 natura
904 2781 940 2833 et
977 2771 1134 2833 moribus

147 2873 328 2950 dominari.
357 2875 515 2937 secunda
539 2875 635 2956 quod
659 2884 801 2939 curatus
825 2885 863 2939 ut
887 2875 1001 2957 prosit
1026 2875 1135 2938 debet

147 2989 318 3061 appetere
346 2978 431 3041 illud
459 2977 623 3056 officium,
652 2998 724 3041 non
747 2989 786 3043 ut
808 2979 931 3062 presit,
960 2989 997 3042 et
1024 2980 1134 3042 tercia

102 3084 244 3165 riquod
293 3103 396 3145 nemo
438 3094 633 3147 assumeret
681 3083 836 3166 pastoris
874 3083 1028 3146 officium
1066 3083 1133 3146 nisi

147 3187 332 3250 evidenter
368 3188 517 3250 haberet
555 3198 664 3251 artem
703 3188 894 3271 spiritualis
927 3188 1054 3251 medici
1090 3191 1133 3250 ad

146 3293 427 3374 prodessendum
452 3291 563 3354 anime
588 3293 817 3357 subditorum.

189 3395 349 3478 Septima
380 3397 478 3477 quod
510 3417 602 3479 papa
631 3398 792 3479 negligat
814 3399 1005 3479 disponere
1033 3398 1132 3460 sein
1161 3419 1183 3462 7·
1199 3408 1291 3452 ranan
1306 3416 1329 3453 ¹0

145 3501 275 3564 mentis
303 3501 487 3578 mundicia,
521 3513 558 3565 ut
587 3522 652 3583 pro
682 3502 851 3564 subiectis
880 3502 1001 3564 debite
1024 3461 1294 3565 inter-interciiiiin
1312 3513 1348 3558 sor

102 3615 136 3663 30
146 3608 266 3688 pellet.
299 3606 378 3669 Hoc
403 3607 494 3668 enim
519 3617 575 3668 est
597 3606 882 3688 inseparabiliter
905 3607 1032 3688 papale
1058 3607 1131 3668 osfi·
1165 3565 1201 3607 Μ’
1216 3565 1325 3618 mm

147 3711 247 3779 cium,
272 3730 349 3773 cum
374 3711 453 3773 talis
476 3713 585 3773 debet
608 3721 782 3792 tamquam
798 3709 1016 3774 intercessor
1039 3710 1132 3792 paci·

145 3815 254 3880 ficans
278 3816 370 3879 inter
390 3816 505 3878 Deum
531 3825 567 3878 et
590 3817 760 3897 populum
785 3815 949 3878 mediare.
974 3814 1132 3877 Inficitur

146 3930 261 3984 autem
285 3919 435 3983 oratoris
463 3919 618 3982 officium
642 3940 706 4002 per
731 3920 942 4002 superbiam,
969 3928 1010 3981 ut
1031 3927 1131 4001 patet

143 4025 180 4087 in
213 4045 280 4088 sex
311 4024 540 4088 abusionibus
572 4024 743 4107 predictis
776 4034 813 4087 et
844 4044 910 4105 per
947 4022 1131 4085 avariciam

200 4193 220 4239 5.
236 4196 424 4243 tertinacionem;
439 4195 470 4238 ita
481 4196 551 4240 codd.
610 4196 631 4239 ti.
649 4194 737 4238 coda:
753 4193 810 4249 Cap.
827 4193 894 4236 l'l'll.
964 4193 998 4236 28.
1015 4191 1091 4236 cora.
1107 4192 1129 4234 in

146 4277 270 4319 ww}

203 4356 536 4422 rmmGmelc
