3008 5026
675 369 846 421 tonsurus
865 367 1006 419 wvcin
1181 351 1263 432 [cm.
1276 364 1340 408 vm.

351 540 390 594 ut
407 530 592 612 specificat
615 529 810 590 Decretum
835 526 958 589 XLVI
987 525 1221 589 distinccione
1247 525 1340 592 Con·

349 638 528 700 staulinus.
558 634 644 696 Ideo
668 632 884 716 superfluum
910 640 946 694 et
969 633 1071 695 labor
1092 631 1224 695 inutilis
1247 632 1343 695 foret

349 743 486 828 fingere
511 741 701 821 mendacia,
729 742 826 824 quod
850 741 900 804 sic
924 741 1085 824 oportuit
1108 761 1190 806 esse
1218 761 1264 804 ex
1287 761 1340 804 ra·

350 835 513 911 cionibus
537 847 580 909 ad
602 847 671 909 hoc
695 845 905 928 urgentibus
929 847 986 908 vel
1014 845 1198 927 scriptura„
1235 847 1342 910 Unde

350 953 431 1036 quia
458 952 526 1015 ista
552 951 694 1015 videtur
721 949 812 1012 lovis
840 948 1004 1013 fundacio
1032 958 1069 1012 et
1092 950 1244 1014 ecclesia
1267 949 1367 1013 Ro·5

349 1077 451 1120 mana
483 1066 567 1120 tunc
600 1055 667 1119 sibi
701 1056 827 1117 cadere
861 1074 881 1116 a
913 1063 1055 1136 papatu,
1092 1063 1211 1119 narrat
1247 1055 1342 1118 idem

132 1159 184 1203 Tl‘
199 1159 259 1213 ’ΨΜ
273 1165 297 1201 ‘⁰
312 1159 339 1201 ¹³⁰
351 1161 550 1226 Castrensis
566 1160 657 1224 libro
670 1160 706 1222 V
721 1180 797 1243 cap.
813 1159 860 1239 X,
877 1160 1058 1241 quomodo
1074 1159 1277 1241 Bonisacius
1292 1160 1348 1222 IV

275 1225 296 1252 W

133 1215 325 1321 Silse‘lpgffi‘oegs
351 1267 549 1347 impetravit
572 1284 594 1327 a
610 1265 699 1328 Foco
714 1284 838 1338 cesare,
863 1275 899 1327 ut
914 1266 1053 1328 ecclesia
1069 1266 1159 1328 beati
1168 1264 1262 1328 Petri
1276 1265 1342 1328 Ro·

133 1319 523 1453 byt¹}33310E⁶2¹³·¹3“⁰rme‘ceput
539 1376 622 1434 essct
639 1372 871 1450 ecclesiarum,
893 1371 976 1450 quia
991 1375 1094 1452 caput
1110 1371 1244 1433 ecclesie
1256 1368 1341 1435 Con·

349 1477 651 1556 stantinopolitone
665 1494 701 1538 se
723 1477 862 1556 scripsit
880 1493 1025 1557 papam.
1049 1473 1237 1555 Quotlibet
1252 1475 1342 1537 tales
1357 1498 1387 1534 ιο

351 1581 476 1644 fideles
494 1579 637 1642 cronice
654 1587 690 1640 et
712 1579 856 1641 decreta
871 1586 1049 1641 testantur
1064 1578 1250 1660 primatum
1267 1578 1342 1641 Ro·

351 1683 442 1747 mani
465 1683 645 1765 pontificis
660 1682 771 1746 luisse
781 1681 982 1745 humanitus
999 1682 1236 1745 adinventum.
1252 1681 1341 1745 Nam

352 1789 381 1852 si
397 1809 494 1870 papa
502 1787 606 1850 fieret
621 1808 735 1870 vagus
745 1795 785 1851 ut
795 1787 876 1849 olim
893 1795 929 1848 et
944 1787 1029 1849 nulli
1039 1787 1120 1850 loco
1130 1787 1260 1850 affixus
1277 1789 1342 1852 sed

351 1892 386 1955 in
423 1891 508 1953 mari
541 1900 680 1953 mortuo
717 1892 775 1953 vel
809 1891 964 1967 desert0‚
998 1898 1035 1953 et
1062 1890 1113 1954 sic
1141 1900 1226 1972 post
1261 1911 1341 1953 eum

352 2016 445 2078 papa
469 1996 658 2076 secundus,
683 2004 720 2058 et
735 1994 786 2058 sic
801 1995 847 2058 ad
870 1995 974 2057 finem
991 1994 1163 2059 viacionis
1180 1993 1342 2072 ecclesie,
1356 2008 1386 2057 15

352 2109 452 2182 patet
472 2100 569 2182 quod
591 2119 661 2161 non
684 2100 850 2161 obstante
872 2097 942 2161 isto
963 2119 1049 2161 vere
1073 2099 1168 2162 foret
1191 2119 1294 2181 papa

157 2205 226 2248 L00⁸¹
242 2206 324 2247 claim
395 2202 483 2265 Ideo
508 2211 654 2285 oportet
682 2205 778 2285 quod
803 2201 919 2284 aliqua
949 2203 996 2265 sit
1017 2202 1113 2265 racio
1140 2222 1234 2285 pape
1259 2211 1342 2265 ante

160 2266 319 2352 iiixviii?
352 2305 575 2369 notacionem
602 2305 674 2368 loci
700 2305 803 2367 huius
831 2305 1104 2388 qualiscumque.
1142 2305 1230 2369 Ideo
1254 2326 1343 2368 vere

160 2375 186 2404 Μ
201 2375 223 2404 m
239 2362 319 2405 nome.
352 2410 437 2474 dicit
460 2410 623 2473 dominus
646 2408 890 2472 Ardmacanus
911 2410 915 2493 1
935 2409 1026 2474 libro
1049 2409 1121 2473 VII
1149 2430 1222 2493 cap.
1246 2410 1344 2474 XXI
1373 2428 1436 2478 205⁰

350 2513 409 2577 De
433 2514 691 2595 Questionibus
716 2515 965 2577 Armenorum:
994 2513 1093 2595 Quod
1119 2515 1241 2579 Petrus
1267 2517 1389 2580 ideoao

350 2619 426 2700 fuit
457 2616 583 2682 Christi
613 2620 775 2697 vicarius,
807 2621 889 2698 quia
920 2618 996 2697 fuit
1028 2621 1094 2681 sibi
1124 2621 1277 2683 similior
1308 2622 1343 2682 in

351 2725 479 2787 virtute.
517 2723 563 2785 Et
591 2723 684 2786 foret
712 2723 825 2786 inanis
847 2722 975 2785 ficticia
999 2724 1104 2805 quod,
1127 2723 1342 2805 ubicumque

350 2826 457 2889 suerit
484 2826 563 2890 talis
592 2828 728 2890 electus
755 2827 915 2890 humanis
942 2826 1079 2906 ritibus,
1111 2826 1344 2910 consequitur

350 2932 448 3013 quod
465 2932 511 2994 sit
526 2932 658 3007 Roma3
684 2931 865 2994 nonenim
884 2939 939 2994 est
954 2932 1058 3006 racio,
1082 2952 1191 3014 quare
1214 2932 1342 3014 pocius

349 3036 453 3097 fieret
474 3036 524 3097 ibi
549 3036 665 3098 Roma
692 3055 794 3117 quam
818 3034 1041 3111 Anthiochia,
1064 3035 1259 3114 Jerusalem
1282 3037 1341 3098 vel
1355 3054 1386 3104 25

351 3139 689 3221 Constantinopolis.
730 3139 836 3202 Tales
875 3139 967 3202 enim
1005 3141 1165 3203 locorum
1202 3141 1341 3203 illorum

349 3243 612 3324 metropolitani
652 3244 818 3306 dixerunt
856 3263 895 3305 se
934 3263 1014 3307 esse
1046 3261 1159 3327 papas
1191 3253 1344 3326 propter

350 3347 527 3430 disparem
555 3348 752 3411 racionem:
783 3348 1006 3426 Anthiochia,
1036 3349 1118 3430 quia
1144 3349 1194 3411 ibi
1221 3351 1344 3413 vocati

349 3459 432 3513 sunt
453 3452 567 3533 primo
592 3452 757 3533 discipuli
781 3452 970 3527 christiani,
993 3462 1033 3515 ut
1055 3460 1156 3534 patet
1176 3452 1255 3516 Act
1272 3452 1341 3533 XI,

348 3564 384 3617 et
416 3558 543 3635 beatus
577 3556 705 3618 Petrus
743 3555 793 3618 ibi
829 3556 964 3619 resedit
995 3557 1189 3639 episcopus
1222 3557 1341 3619 multis
1353 3577 1387 3627 30

348 3659 455 3736 anniS,
484 3669 520 3721 et
547 3660 658 3723 tercio
687 3659 769 3742 quia
796 3660 893 3742 prius
920 3660 1059 3742 recepit
1082 3661 1186 3722 fidem
1211 3660 1342 3724 Christi

348 3782 450 3843 quam
478 3762 604 3827 Roma.
650 3761 853 3845 Episcopus
886 3774 1002 3827 autem
1034 3763 1341 3843 Jerosolimitanus

401 3966 422 4012 3.
438 3979 503 4017 erre,¹
517 3968 546 4009 B:
560 3979 592 4009 re.
648 3968 669 4011 6.
684 3971 753 4018 turer
767 3967 839 4010 adde:
855 3968 984 4011 videbatur.
1052 3981 1073 4024 7.
1090 3968 1182 4012 Codd.:
1199 3967 1255 4025 Cap.
1269 3968 1338 4013 LVII.

349 4033 383 4079 18.
398 4035 439 4078 ΑΒ
460 4035 483 4078 in
506 4047 592 4089 marga
620 4035 723 4079 Vicariur
744 4036 835 4080 Christi
846 4049 922 4091 quare
935 4038 1022 4082 dicitnr
1036 4038 1125 4081 Petrus.
1195 4050 1233 4081 22.
1249 4037 1340 4082 Codd.:

348 4106 445 4148 insanis.
514 4117 551 4159 27.
570 4105 658 4148 Codd.:
680 4107 811 4159 metropoli.
866 4106 903 4150 28.
925 4110 946 4150 Α
968 4107 992 4151 in
1015 4120 1102 4163 marg.:
1122 4107 1186 4160 Papa
1206 4107 1340 4151 Antioctie.

348 4173 386 4218 32.
401 4176 423 4218 Α
437 4175 461 4218 in
477 4186 563 4228 murg.:
584 4174 649 4229 Papa
663 4176 875 4219 ierosolimitanus.

399 4297 422 4349 5.
441 4298 603 4364 Polychron
619 4301 649 4367 V,
668 4316 728 4366 417.
