3008 5026
147 364 150 369 ’
193 401 262 447 cir.
280 389 333 472 vr]
495 407 540 459 oe
559 407 770 460 Porssnire
789 410 887 462 ruas.

193 565 348 628 dotalem
371 564 579 648 dignitatem
602 566 703 629 Deus
737 566 835 631 dedit
859 566 1008 651 Cayphe
1030 571 1185 652 prophe·

194 669 290 741 ciam,
329 679 368 733 ut
405 670 491 733 dicit
522 671 748 752 Augustinus
785 672 821 734 in
853 673 897 735 de
926 671 1184 754 Questionibus

192 774 326 839 veteris
351 783 386 838 et
409 795 503 838 nove
525 775 615 859 legis
631 775 796 857 XXXV,
820 785 857 839 et
878 776 961 841 hinc
976 778 1094 841 David
1117 779 1184 844 rite

192 879 357 963 pepercit
379 878 486 961 Sauli,
510 888 550 942 ut
571 888 673 962 patet
695 880 713 943 Ι
736 880 831 963 Reg.
854 880 996 946 XXIV.

168 995 180 1044 5
236 983 414 1067 Similiter,
438 985 537 1049 aliter
553 985 681 1049 nullius
697 994 810 1049 status
827 986 1001 1050 celsitudo
1018 999 1184 1070 gravaret

191 1098 387 1172 peccatum,
411 1090 509 1172 quod
533 1097 589 1152 est
612 1098 735 1153 contra
758 1089 844 1153 illud
867 1089 1057 1174 Sapiencie
1078 1092 1141 1174 Vl,
1163 1100 1182 1157 6

190 1194 431 1260 Durissimum
454 1195 621 1258 iudicium
644 1196 720 1277 hiis,
749 1197 807 1278 qui
825 1203 978 1278 presunt,
995 1197 1071 1278 fiet,
1099 1218 1182 1281 ymo

191 1299 293 1363 aliter
309 1299 561 1381 cuiuscumque
576 1298 754 1382 prepositi
770 1308 882 1363 status
900 1301 1182 1385 extingueretur,

106 1411 162 1480 ¹9³⁸
191 1414 379 1486 antequam
412 1403 598 1485 quicquam
621 1403 708 1466 boni
731 1405 789 1467 vel
813 1405 893 1468 mali
913 1403 918 1491 1
938 1406 1084 1483 faceret,
1110 1429 1180 1491 que

151 1534 179 1568 ιο
191 1509 437 1573 contradicunt
448 1507 634 1590 scripture,
652 1528 731 1571 cum
750 1510 902 1573 ecclesie
918 1511 1072 1594 legibus,
1090 1531 1181 1575 com-

189 1613 285 1677 muni
307 1614 413 1676 modo
437 1612 608 1695 loquendi
632 1622 668 1676 et
691 1613 824 1678 sanctis
848 1615 1066 1681 doctoribus,
1090 1616 1180 1701 Sup-

188 1718 307 1802 posita
336 1717 446 1801 igitur
479 1717 683 1781 constancia
716 1726 869 1782 statuum
904 1728 940 1782 et
972 1719 1064 1785 facta
1095 1722 1181 1787 limi·

187 1823 329 1887 tacione
367 1822 411 1884 ad
449 1829 578 1885 statum
634 1842 739 1904 quem
777 1832 899 1907 preter
936 1825 1053 1889 nudos
1091 1827 1180 1892 ritus

187 1929 359 1992 humanos
391 1928 492 1991 Deus
525 1926 671 2008 ordinat,
714 1936 770 1992 est
808 1928 951 1993 dubium
999 1934 1179 2014 quomodo

149 2043 301 2098 ristatus
324 2032 479 2096 variatur
501 2043 651 2115 propter
679 2042 778 2096 actus
802 2034 909 2097 statui
932 2034 1098 2101 dissonos
1120 2040 1180 2102 vel

187 2146 384 2222 peccatum.
424 2136 577 2200 Videtur
615 2136 707 2199 enim
747 2139 844 2220 quod
877 2147 990 2204 status
1023 2161 1102 2204 cum
1134 2142 1179 2206 sit

188 2244 353 2308 accidens
377 2254 447 2306 tam
479 2262 591 2325 parve
616 2241 822 2306 constancia
855 2245 954 2327 quod
977 2245 1025 2310 sit
1054 2246 1178 2313 inalte·
1195 2267 1223 2326 ¹u
1238 2267 1386 2311 man‘ssmc

186 2347 306 2412 rabilis
339 2356 376 2411 et
406 2368 473 2431 per
495 2347 589 2410 idem
622 2346 820 2431 immobilis,
853 2370 933 2413 cum
960 2361 1078 2416 manet
1101 2353 1177 2417 eius
1193 2322 1389 2428 ¹⁵i¹i³iis¹¹ii1i⁰d

187 2453 339 2538 dignitas
374 2472 452 2515 cum
483 2462 648 2535 peceat03
682 2453 780 2517 aliter
809 2453 902 2517 enim
926 2464 1039 2520 status
1063 2477 1176 2522 sacer-

144 2585 175 2619 20
186 2558 314 2623 dotalis
348 2565 476 2642 posset
507 2577 575 2640 per
606 2558 853 2621 alteracionem
893 2560 1046 2624 subiecti
1080 2563 1176 2645 equi·

184 2663 301 2748 parari
332 2663 438 2728 statui
468 2662 595 2746 laycali
628 2672 665 2726 et
696 2663 846 2746 quilibet
877 2674 989 2730 status
1022 2666 1176 2732 cuilibet,

184 2768 364 2849 Similiter,
388 2788 467 2832 cum
492 2768 647 2851 dignitas
664 2776 777 2832 status
800 2769 951 2834 hominis
975 2770 1021 2835 sit
1042 2771 1174 2856 imper·

184 2874 300 2937 tinens
333 2872 406 2937 suis
439 2873 607 2953 moribus,
639 2873 782 2937 videtur
805 2874 903 2956 quod
930 2883 1000 2939 stat
1024 2878 1175 2942 eundem

183 2998 264 3042 esse
288 2978 390 3042 simul
414 2987 736 3061 quantumcumque
766 2978 910 3060 dignum
934 2989 970 3044 et
991 2980 1174 3065 indignum

142 3091 218 3148 25et
239 3091 391 3166 propter
423 3082 718 3164 multiplicitatem
739 3091 904 3147 ‚statuum
931 3084 1026 3150 foret
1048 3087 1173 3171 imper-

182 3190 298 3253 tinens
315 3187 519 3250 discernere
534 3206 601 3270 per
616 3196 744 3252 statum
761 3189 806 3252 de
821 3188 972 3253 hominis
989 3191 1173 3276 dignitate,

182 3314 248 3357 nec
285 3293 417 3357 sufficit
452 3294 559 3356 homo
599 3313 822 3376 cognoscere
861 3302 989 3359 statum
1027 3299 1173 3362 totalem

183 3406 425 3483 aggregatum,
469 3406 543 3461 tum
589 3397 670 3481 quia
714 3398 870 3463 infinitus
916 3409 972 3464 est
1016 3410 1173 3467 statuum

181 3523 357 3578 numerus,
402 3510 477 3566 tum
519 3503 600 3586 quia
643 3503 794 3587 aliquem
842 3512 971 3568 statum
1018 3507 1173 3590 proximi

140 3625 170 3675 30
181 3616 327 3690 oportet
356 3607 528 3670 viatorem
563 3608 832 3691 quomodolibet
862 3610 1035 3692 ignorare.
1071 3610 1171 3678 Simi-

179 3712 269 3793 liter,
293 3733 371 3776 cum
394 3722 507 3777 status
524 3713 702 3796 denigrari
725 3723 763 3776 et
778 3713 959 3778 debilitari
981 3717 1115 3799 poterit
1135 3728 1172 3783 et

180 3818 264 3881 alias
287 3817 452 3899 serenari,
477 3818 619 3882 videtur
635 3820 732 3900 quod
752 3840 856 3883 omne
877 3823 1026 3885 mortale
1041 3831 1169 3888 statum

180 3943 286 4006 quem
307 3921 443 3986 invenit
466 3923 586 3999 inficit,
612 3943 690 3988 cum
715 3926 910 3988 secundum
927 3925 1169 4011 Augustinum

179 4027 265 4091 facit
285 4028 463 4093 hominem
487 4047 568 4093 esse
591 4028 709 4093 nichil.

233 4233 253 4280 5.
268 4235 291 4278 A
304 4234 329 4278 in
344 4246 430 4290 marg:
445 4243 463 4280 r.
519 4247 556 4280 22.
571 4238 594 4281 A
607 4238 633 4282 in
647 4251 733 4296 marg:
750 4249 769 4285 a.

233 4361 256 4412 3.
275 4362 345 4429 Opp.
364 4372 428 4414 tom.
447 4364 489 4432 111,
507 4364 580 4431 App.
599 4381 625 4432 p.
646 4366 686 4419 53.
