3008 5026
196 390 263 435 cur.
278 378 353 460 vm]
494 396 539 445 DE
558 395 769 446 POTESTATE
788 395 885 447 ΡΛΡΕ.

193 571 320 634 papam
352 553 411 614 vel
444 559 552 634 caput
583 552 744 615 ecclesie.
783 553 889 616 Unde
925 552 1105 635 gentilitas
1143 561 1180 616 et

192 655 361 738 primatus
400 655 547 719 affeccio
587 657 785 720 docuerunt
835 658 931 739 quod
969 656 1180 739 quicumque

193 759 377 824 Romanus
405 759 570 843 pontifex
598 771 785 824 censeatur
807 781 899 844 papa
928 770 965 824 et
987 770 1091 845 gerat
1113 761 1180 844 pri·

193 873 322 926 matum
338 864 538 927 huiusmodi
554 885 664 947 super
678 865 840 948 singulos
857 864 945 929 alios
960 866 1180 942 sacerdotes3

168 969 286 1030 §unde
318 977 418 1051 patet
450 969 546 1050 quod
578 971 680 1032 Deus
711 989 782 1032 non
815 969 1014 1032 ordinasset
1037 976 1180 1051 aposto·

190 1073 302 1135 lorum
326 1073 529 1155 martyrium
545 1073 664 1137 Rome
687 1082 838 1156 propter
858 1075 952 1136 hunc
974 1073 1090 1153 finem,
1114 1073 1182 1138 nisi

190 1197 297 1241 verus
328 1187 481 1260 papatus
512 1177 725 1260 regulariter
752 1188 971 1260 sequeretur.
1010 1176 1084 1243 Sed
1113 1179 1180 1241 fre·

191 1292 343 1362 quenter
369 1291 456 1365 post
483 1282 704 1346 dotacionem
733 1281 886 1345 ecclesie
915 1292 1100 1365 separatus
1126 1291 1181 1346 est

191 1395 342 1468 papatus
374 1406 393 1449 a
424 1387 589 1449 Romano
622 1386 804 1469 pontifice,
838 1386 946 1469 igitur
976 1388 1077 1451 Deus
1108 1407 1181 1449 non

152 1489 392 1553 rointenderat
414 1511 480 1574 per
502 1491 588 1554 illud
610 1489 814 1573 martyrium
837 1489 934 1554 illum
953 1491 1072 1564 finem;
1096 1499 1180 1554 tunc

192 1593 282 1656 enim
304 1596 404 1657 Deus
427 1595 614 1659 frustratus
636 1616 658 1657 a
680 1613 745 1657 suo
769 1595 957 1677 proposito
980 1594 1180 1677 improvide
1204 1611 1266 1655 Suel
1282 1611 1379 1672 modern

192 1697 392 1761 ordinasset
416 1707 452 1761 et
474 1698 701 1784 negligenter
725 1697 903 1761 omisisset
924 1698 960 1761 in
984 1719 1048 1761 suo
1072 1707 1178 1762 testa·
1217 1662 1370 1776 pssi⁸riii⁰·s¹⁸

190 1810 309 1864 mento
347 1811 418 1866 tam
450 1802 688 1866 necessarium
721 1802 908 1884 primatum
941 1804 985 1864 ad
1020 1802 1180 1884 regimen
1230 1773 1357 1810 mvenrmn.

191 1926 253 1969 sue
292 1906 451 1971 ecclesie.
497 1906 585 1970 Ideo
624 1914 762 1970 certum
794 1915 850 1970 est
887 1907 984 1989 quod
1015 1906 1180 1970 invencio

151 2011 340 2074 15humana
367 2011 553 2075 fabricavit
579 2011 842 2075 institucionem
873 2010 975 2076 istam
1005 2013 1050 2074 de
1077 2031 1180 2094 papa.

232 2114 273 2177 In
298 2115 449 2178 cronicis
470 2124 585 2178 autem
608 2114 808 2178 Cestrensis
828 2115 967 2178 narravi
990 2116 1073 2179 alias
1096 2134 1179 2198 quo-

190 2221 296 2281 modo
328 2219 428 2281 multi
450 2218 605 2281 Romani
636 2217 825 2302 pontifices
857 2220 902 2281 de
925 2228 1060 2301 papatu
1084 2218 1178 2281 dese·

190 2334 321 2402 cerant,
345 2332 382 2386 et
403 2331 533 2406 repeto
557 2322 615 2385 illa
643 2342 713 2406 que
737 2323 871 2405 scripta
890 2332 973 2387 sunt
990 2323 1025 2386 in
1042 2323 1179 2388 cronica

190 2447 293 2490 aurea
325 2427 509 2511 Radulphi
542 2428 586 2490 de
606 2427 749 2511 Dyceto
774 2427 900 2491 decani
928 2428 1039 2492 sancti
1067 2428 1177 2507 Pauli,

146 2555 178 2588 20
190 2532 245 2594 cui
268 2531 412 2615 Anglici
444 2532 568 2596 darent
602 2531 717 2594 fidem.
757 2530 886 2595 Narrat
913 2532 1004 2595 enim
1036 2531 1127 2596 libro
1150 2531 1167 2594 Ι
1193 2529 1245 2573 The
1259 2529 1348 2587 ¹¹¹⁸¹⁰¹t
1362 2530 1388 2574 ⁰f

1169 2578 1177 2609 ’
1207 2581 1317 2626 Bonitace
1331 2583 1376 2626 and

190 2656 266 2719 cap.
291 2636 336 2716 11,
365 2637 545 2719 quomodo
573 2654 664 2700 anuo
692 2637 826 2700 domiui
850 2633 1040 2702 CCCCXX
1058 2637 1175 2719 prest—
1195 2633 1389 2742 Efflgtivqueqetws

95 2747 161 2800 206b
188 2741 286 2804 debat
314 2742 349 2804 in
373 2741 484 2804 Roma
512 2740 600 2804 Boni
611 2738 615 2825 l
617 2740 740 2821 sacius
762 2760 861 2823 papa
889 2747 918 2804 ct
945 2747 1064 2804 contra
1090 2739 1395 2848 huucgltffigllgffig

188 2845 347 2909 ordinato
378 2844 526 2927 Eutatio,
558 2863 600 2907 ac
634 2863 700 2925 pro
732 2845 792 2907 hoc
824 2839 1007 2908 dissidente
1039 2846 1177 2909 ecclesia

188 2952 288 3013 ambo
326 2951 422 3013 iussu
458 2949 608 3012 Houorii
643 2948 792 3030 Augusti
832 2951 915 3012 urbe
945 2950 1177 3030 egrediuntur,

145 3060 217 3117 25et
239 3057 289 3118 sic
311 3056 489 3137 reprobato
513 3054 651 3118 Eulalio
674 3055 771 3118 iussu
794 3054 943 3135 Augusti
965 3053 1176 3134 Bouifacius,

187 3161 268 3241 quia
291 3162 395 3241 prior
417 3161 599 3223 ordinatus
611 3159 745 3240 fuerat,
773 3161 847 3223 sedi
870 3161 1052 3241 apostolice
1075 3159 1175 3221 resti-

187 3267 302 3328 tuitur.
340 3264 505 3327 Nondum
540 3263 632 3325 enim
664 3271 748 3326 tunc
772 3272 907 3326 tantum
931 3262 1087 3346 sopitum
1111 3261 1178 3325 fuit

188 3367 378 3431 dominium
395 3367 549 3430 Romani
564 3366 703 3450 imperii
726 3387 792 3429 nec
817 3368 861 3430 ad
876 3375 1011 3430 tantum
1029 3365 1177 3429 invaluit

188 3471 376 3555 usurpacio
392 3470 548 3535 Romani
562 3470 742 3554 pontificis
765 3471 861 3552 quod
889 3469 955 3533 fuit
974 3478 1175 3553 reputatum

145 3575 391 3656 toheretieum,
441 3575 537 3658 quod
583 3573 715 3638 domini
759 3574 974 3657 temporales
1023 3582 1177 3656 possunt

188 3681 325 3745 auferre
352 3679 570 3763 temporalia,
600 3699 682 3762 ymo
707 3678 899 3761 dignitates
927 3688 1035 3760 atque
1059 3677 1176 3740 officia

188 3788 231 3848 ab
255 3785 405 3850 ecclesia
429 3784 668 3867 delinquente.

240 4040 261 4087 3.
277 4043 305 4085 lt:
320 4043 390 4098 gerit,
446 4055 468 4096 4.
484 4041 548 4084 modi
556 4041 619 4085 deest
632 4043 656 4084 in
671 4041 741 4085 codd.
809 4053 847 4084 ro.
862 4040 903 4084 ΑΒ
914 4041 937 4084 in
948 4052 1035 4095 marga
1050 4039 1174 4095 Deponcr'o

184 4123 309 4168 paparum.
347 4111 553 4168 23.Codd.:per.
601 4123 638 4165 ²4·
654 4110 742 4155 codd:
760 4111 845 4156 urbem.
897 4110 1173 4166 26.qulu,·codd.:qur‘.

241 4253 280 4289 ao.
299 4236 455 4303 Radulphus
474 4239 506 4288 de
521 4238 621 4304 iliceto,
646 4235 708 4289 1183
723 4237 837 4288 decanus
856 4235 1050 4286 Londoniensis
1062 4235 1088 4286 S.
1100 4234 1173 4285 Pauli

187 4327 218 4393 (†
237 4340 276 4377 22.
297 4325 364 4379 Nov.
388 4341 450 4376 1202
471 4328 511 4376 vel
535 4325 613 4394 1203)
632 4326 672 4376 ed.
691 4326 786 4375 Stubbs
806 4323 824 4388 1,
842 4322 885 4377 83.
904 4325 993 4373 Hussii
1013 4323 1084 4389 Opp.
1104 4325 1174 4375 230⁸.
