3008 5026
99 405 168 450 cue.
184 390 236 477 xi]
397 410 442 459 ne
463 410 674 460 Porusrnra
693 410 790 462 ΡΑΡΕ.

97 576 215 630 sectas
240 574 277 630 et
299 564 553 629 distincciones
575 565 697 647 legum
721 564 883 638 ecclesie,
912 585 979 648 per
1002 584 1089 649 quas

99 670 304 735 diminuitur
320 669 509 733 meditacio
525 668 619 752 legis
635 669 714 751 Dei,
738 689 817 732 cum
840 669 965 732 melius
992 678 1090 735 esset

98 776 197 857 quod
227 795 315 858 pure
347 777 600 838 observaretur
632 774 705 838 vita
732 773 938 856 apostolica,
971 783 1007 838 et
1038 774 1089 838 di·

99 879 206 944 missa
240 878 466 944 difformitate
500 880 707 943 tenderetur
739 880 782 942 ad
816 878 1089 943 uniformitatem

71 994 212 1049 5status
235 984 453 1067 innocencie,
476 985 561 1048 licet
584 983 775 1065 graduacio
791 983 827 1046 in
856 983 1007 1047 seculari
1030 985 1089 1047 do·

98 1089 205 1152 minio
230 1088 276 1152 sit
299 1086 394 1151 licita
415 1108 456 1151 ac
488 1086 688 1151 necessaria
715 1096 868 1169 peccato
892 1085 1090 1170 supposito,

98 1192 203 1255 Unde
236 1191 341 1254 nichil
374 1191 551 1255 infidelius
575 1211 677 1273 quam
703 1211 750 1253 ex
773 1190 1012 1273 graduacione
1035 1210 1088 1253 se·
1177 1223 1229 1268 T„

16 1309 67 1363 35·
99 1296 226 1358 culatis
246 1294 251 1380 Ι
273 1294 418 1358 dominii
442 1295 656 1358 concludere
680 1295 955 1379 graduacionem
985 1294 1089 1358 domi·
1108 1283 1293 1372 οἷῗζῗὲἷξῖξὲἑὴ

97 1399 257 1463 nacionis
296 1409 332 1463 et
362 1399 509 1463 honoris
541 1398 710 1462 secularis
743 1398 777 1461 iu
807 1398 955 1462 clericis.
1003 1398 1089 1463 Cum
1110 1379 1294 1476 ⁵¹ssss3gffiu¹ffi¹0bn⁰

51 1503 192 1569 10enim
216 1512 330 1568 status
355 1504 413 1566 ille
436 1503 482 1567 eit
504 1503 620 1582 alcior,
648 1503 755 1568 statui
778 1502 909 1566 Christi
933 1513 970 1567 et
992 1523 1088 1567 sanc·
1132 1485 1271 1584 ‘'¹⁸3¹,212Jh‘

98 1616 215 1670 torum
232 1607 458 1684 conformior,
469 1615 617 1689 oportet
628 1608 724 1690 quod
735 1608 858 1670 tendat
868 1607 912 1669 ad
922 1608 1089 1670 maiorem

99 1712 279 1788 unitatem,
303 1713 472 1794 regularis
495 1719 625 1774 statum
641 1712 811 1795 laycalem
845 1721 882 1775 et
904 1732 974 1775 non
999 1713 1046 1777 sit
1069 1733 1089 1775 a

98 1826 192 1880 statu
208 1826 278 1879 tam
295 1814 447 1880 difformi
463 1835 569 1899 quem
587 1818 726 1900 regulat
742 1816 975 1899 exemplatus.
1001 1815 1088 1880 Con·

98 1920 236 1984 ceditur
267 1929 383 1984 tamen
417 1920 514 2003 quod
546 1928 629 1983 sunt
660 1921 791 2002 gradus
823 1919 859 1982 in
896 1919 957 1983 illo
997 1929 1090 1983 statu

55 2023 312 2106 riapostolicm
343 2025 408 2087 sed
443 2023 618 2087 contrarie
651 2025 692 2086 ad
725 2032 855 2087 statum
879 2026 1091 2104 secularem;

98 2149 179 2191 nam
210 2128 267 2191 hic
301 2128 411 2191 maior
443 2135 499 2191 est
520 2127 721 2210 pauperior,
757 2126 961 2190 servitivior
984 2137 1021 2191 et
1045 2129 1090 2191 ad

99 2233 310 2296 currendum
333 2252 397 2315 per
412 2232 741 2315 peregrinacionem
766 2251 844 2295 cum
860 2231 1090 2316 paucioribus

98 2337 352 2420 temporalibus
368 2335 614 2399 sufficiencior.
638 2335 744 2399 Unde
760 2355 883 2399 omnes
899 2336 1091 2419 presbiteri

100 2443 234 2504 debent
245 2461 325 2505 esse
343 2440 442 2520 socii,
463 2450 502 2503 ut
513 2441 621 2504 docet
635 2440 834 2523 Apostolus
850 2460 929 2504 cum
945 2443 1090 2505 decreto

51 2576 87 2610 20
100 2548 145 2609 de
170 2546 249 2628 ipso
274 2555 310 2608 et
333 2545 455 2626 Petr0,
480 2553 722 2608 verumtamen
747 2565 873 2608 servus
898 2565 944 2608 ex
967 2545 1089 2608 maiori

98 2649 295 2713 humilitate
328 2649 369 2712 fit
401 2649 517 2712 alcior.
549 2647 655 2711 Unde
689 2651 741 2728 (ut
773 2669 863 2731 sepe
896 2647 983 2735 dixi)
1007 2669 1089 2732 pars

99 2753 245 2836 laycalis
277 2752 448 2816 dividitur
478 2752 513 2816 in
536 2753 744 2835 popularem
769 2761 806 2815 et
829 2764 965 2835 partem
988 2773 1089 2817 secu·

98 2858 206 2920 larem
230 2856 280 2919 illi
307 2856 528 2939 prepositam
562 2877 707 2938 quarum
738 2857 835 2939 prior
858 2865 914 2920 est
936 2859 1031 2921 bona
1055 2868 1091 2923 et

100 2962 257 3024 secunda
274 2960 406 3025 melior.
430 2959 503 3024 Sed
519 2981 602 3042 pars
627 2959 799 3024 clericalis
815 2971 963 3044 propter
980 2963 1090 3026 socia-

54 3067 166 3128 :ilem
200 3064 473 3128 uniformitatem
505 3074 665 3127 remanet
698 3063 849 3127 indivisa
880 3073 917 3129 et
949 3066 1090 3148 optima,

100 3189 204 3252 quam
237 3168 350 3254 elegit
372 3168 496 3247 Maria;
529 3168 623 3230 unde
645 3168 846 3251 periculose
874 3170 1091 3253 balbuciunt,

99 3273 160 3355 qui
184 3273 306 3335 dicunt
327 3274 422 3355 quod
438 3293 545 3355 reges
562 3293 634 3335 non
652 3283 734 3336 sunt
750 3273 882 3336 domini
890 3294 1090 3359 regnorum,

100 3379 165 3441 sed
176 3378 259 3439 nudi
276 3376 494 3455 defensores,
512 3377 570 3439 vel
579 3377 684 3440 aliter
699 3378 751 3458 (ut
760 3378 934 3462 inquiunt)
946 3389 1091 3462 oportet

99 3483 183 3544 dare
206 3480 241 3543 in
266 3480 403 3543 clericis
427 3481 558 3561 gradus
581 3481 661 3543 talis
685 3481 837 3546 dominii.

54 3594 89 3645 30
144 3584 355 3649 Scrutentur
385 3583 444 3648 isti
477 3584 669 3667 scripturas
704 3595 740 3647 et
773 3585 894 3650 videre
927 3598 1089 3671 possunt,
1145 3605 1266 3667 scripum

100 3710 204 3771 quam
236 3687 376 3771 spissim
412 3696 513 3751 autor
540 3687 716 3770 scripture
740 3697 811 3751 tam
842 3693 958 3755 verbo
987 3713 1090 3775 quam
1119 3660 1291 3754 sicufii‘ifiiie.

100 3813 211 3876 opere
237 3792 404 3856 concedit
434 3792 502 3855 illis
536 3794 581 3856 de
613 3795 729 3856 medio
761 3801 856 3857 statu
889 3796 1089 3876 dominium,

100 3897 281 3980 cumipse
305 3897 517 3960 obedienter
541 3897 642 3962 dedit
663 3899 835 3961 tributum
859 3900 981 3978 cesari,
1007 3923 1028 3965 a
1051 3921 1091 3966 se

99 4001 180 4085 ipso
191 4011 308 4065 autem
320 4021 360 4064 ac
372 4001 445 4065 suis
456 4001 628 4084 apostolis
639 4010 675 4065 et
686 4023 809 4066 eorum
820 4005 1090 4071 successoribus

154 4287 173 4329 7.
192 4276 265 4319 codd.
283 4278 305 4318 in
319 4288 405 4330 marga
423 4275 516 4320 Gradus
529 4279 656 4333 digerimus
670 4279 693 4321 r'n
709 4279 852 4321 secularibus
862 4290 908 4324 non
918 4280 1035 4324 concludit
1045 4293 1094 4324 esre

101 4347 160 4388 iales
174 4347 197 4387 iu
209 4345 306 4388 clericis.
365 4344 397 4389 13.
413 4350 433 4388 Α
449 4347 472 4389 in
488 4358 574 4401 marp:
594 4346 649 4390 Vide
658 4347 761 4402 qualiter
770 4347 1005 4404 admittitgraduin
1019 4349 1092 4394 clero.
