3008 5026
172 414 240 457 car.
255 399 308 486 xl]
471 418 517 469 os
535 417 747 469 rorssmrs
765 417 865 470 enas.
1315 418 1372 479 ²9¹

172 576 293 638 seculo
321 583 358 638 et
380 575 460 638 lana
482 593 522 638 ac
543 574 631 638 suno
654 575 860 639 balancium.
894 573 970 637 Nec
993 573 1160 654 sandalia,
1183 587 1234 632 rue
1249 589 1358 635 sanans.

171 679 292 761 quein
311 678 427 742 missis
444 681 603 761 prelatus
619 679 743 759 induit,
767 679 908 763 signant
922 679 1161 760 precellenter

170 783 464 866 preparacionem
486 783 718 847 affeccionum
740 783 776 846 in
802 783 1028 866 evangelium
1050 783 1159 865 pacis,

169 897 209 951 ut
224 908 316 971 grex
332 888 514 951 ordinatus
531 897 699 970 sequatur
716 907 796 950 eum
813 887 975 951 faciendo
992 887 1160 951 similiter.

145 990 245 1055 §Sed
261 1001 412 1074 propter
433 991 634 1055 linicionem
651 1011 829 1054 cesaream
845 992 985 1074 sopitur
1001 991 1158 1070 affeccio,

170 1117 241 1178 quo
266 1098 308 1159 ad
332 1097 418 1159 illud
434 1096 589 1159 officium
613 1104 650 1159 et
666 1097 802 1159 duabus
826 1096 893 1160 viis
915 1097 951 1159 in
968 1096 1158 1160 volucione

169 1200 375 1283 serpentina
419 1200 605 1264 titubando
656 1200 871 1284 proceditur.
920 1200 1027 1265 Mitra
1070 1221 1158 1265 vero
1200 1211 1251 1256 The
1266 1214 1341 1258 llitre·

168 1316 343 1388 gemmata
374 1326 445 1369 non
477 1305 595 1388 signat
626 1325 712 1368 vere
746 1306 931 1388 utriusque
955 1306 1158 1370 testamenti

169 1410 363 1472 secundum
389 1410 480 1473 duos
505 1410 748 1475 semicirculos
772 1410 969 1494 perfectam
991 1411 1157 1475 noticiam

128 1514 394 1595 ropastoralem,
419 1515 486 1577 sed
508 1515 717 1577 mundanam
740 1515 979 1598 prudenciam,
1009 1536 1078 1598 que
1103 1523 1159 1579 est

168 1625 320 1700 terrena,
344 1617 501 1682 animalis
519 1628 555 1681 et
571 1619 761 1702 dyabolica
776 1620 820 1682 ad
835 1618 1066 1682 fraudandum
1087 1628 1157 1682 tam

167 1722 317 1805 prioreS,
333 1723 522 1806 preteritos
539 1743 643 1806 quam
660 1732 861 1806 sequentes
879 1723 1057 1806 Cyrotece
1068 1743 1155 1787 vero
1186 1751 1237 1795 Th,
1252 1751 1345 1797 anve„

169 1846 238 1908 que
276 1826 460 1910 signarent
497 1826 721 1912 operacionis
762 1827 972 1890 mundiciam
1015 1828 1158 1911 signant

167 1931 359 2012 potestatis
374 1932 594 1994 relacionem
619 1940 656 1995 et
678 1931 895 2015 sanguinosa
918 1951 1030 2014 opera
1044 1933 1155 2014 prela·

127 2042 291 2101 15torum.
346 2035 494 2099 Pallium
544 2056 630 2099 vero
685 2036 957 2119 archiepiscopo
1011 2038 1155 2100 novello
1208 2046 1260 2092 The
1274 2048 1329 2093 Pal·

168 2139 352 2215 adiectum,
390 2159 463 2202 non
495 2139 612 2222 signat
643 2140 900 2222 plenitudinem
938 2140 1156 2204 fortitudinis

169 2251 205 2306 et
227 2244 417 2326 potestatis
452 2264 530 2306 cum
554 2244 716 2324 sciencia,
750 2264 829 2309 cum
861 2244 935 2308 vite
963 2245 1156 2327 asperitate

168 2358 273 2431 atque
296 2348 492 2431 prudencia
515 2349 559 2411 ad
581 2350 788 2430 regendum,
811 2350 876 2411 sed
893 2358 1039 2413 econtra
1061 2349 1156 2414 forti·

167 2452 324 2515 tudinem
346 2454 497 2516 humane
517 2453 723 2535 prudencie,
747 2455 791 2516 ad
813 2452 1067 2518 tribulaciones
1090 2473 1155 2537 pro

125 2581 157 2618 ιο
167 2556 422 2639 temporalibus
438 2555 678 2621 sufferendum
696 2566 733 2621 et
748 2568 788 2622 ut
798 2557 976 2641 cingulum
988 2558 1154 2642 equinum

167 2663 211 2724 ad
235 2682 324 2725 onus
349 2661 430 2745 equi
463 2670 500 2725 et
522 2661 686 2726 mulicum
719 2663 915 2745 prudencia
938 2663 1050 2727 seculi
1072 2683 1153 2746 sup·

165 2767 387 2848 portandum.

76 2878 138 2934 233⁴
208 2871 254 2935 Et
270 2872 399 2936 utinam
410 2872 610 2935 decretales
631 2872 636 2952 Ι
657 2871 822 2954 epistole,
839 2873 884 2934 de
901 2872 1030 2954 quibus
1040 2871 1153 2955 primo
1213 2883 1283 2929 since
1298 2896 1332 2928 we

166 2977 408 3040 decretalium:
431 2978 488 3039 De
509 2976 698 3040 autoritate
716 2985 752 3039 et
769 2996 833 3040 usu
849 2976 954 3058 pallii.
976 2977 1027 3040 Ex
1041 2982 1154 3040 tenore
1173 2937 1360 3044 thietiiiciniiid

123 3093 244 3145 ascum
266 3081 354 3144 locis
379 3079 549 3143 similibus
571 3081 810 3144 rectificarent
838 3101 939 3144 usum
963 3081 1153 3164 spiritualis
1172 3041 1358 3188 ieiiirh‘iliiioii

164 3186 270 3268 pallii,
302 3185 447 3250 dimisso
471 3185 586 3248 venali
614 3185 722 3268 pallio
758 3185 944 3267 corporali.
977 3186 1036 3251 Sic
1061 3185 1153 3248 enim
1207 3154 1319 3201 “W''

164 3299 418 3371 pervertuntur
440 3289 656 3353 mendaciter
677 3289 779 3373 signa
794 3290 1041 3372 generacionis
1059 3291 1151 3353 adul-

164 3404 251 3471 tere,
283 3395 380 3476 quod
404 3394 516 3458 minus
540 3393 741 3457 accusabile
764 3393 869 3457 nobis
893 3394 987 3456 foret
1018 3400 1152 3457 tantum

165 3498 384 3562 committere
395 3508 432 3562 et
442 3498 603 3562 omittere
616 3499 661 3562 de
672 3498 814 3582 signato
831 3499 907 3561 sine
919 3499 1152 3562 accusacione

122 3613 154 3662 30
164 3603 346 3676 mendacii,
386 3623 489 3685 quam
527 3604 623 3686 quod
661 3613 797 3668 tantum
834 3603 1008 3667 mendacii
1041 3602 1153 3668 sitin

164 3706 286 3790 signis.
309 3707 376 3770 Est
393 3707 483 3770 enim
499 3707 687 3790 perversio
711 3710 929 3790 prelatorum
945 3707 1153 3790 simpliciter

163 3810 275 3892 signis
299 3810 481 3893 contraria,
504 3820 543 3875 ut
566 3812 742 3896 contingit
763 3813 800 3875 in
823 3813 893 3876 isto
915 3812 1080 3876 metrico:

216 4150 233 4181 r.
262 4137 307 4181 llic
334 4138 400 4181 locus
427 4145 553 4193 corruptus
581 4150 632 4182 esse
659 4139 758 4184 videtur.
799 4139 876 4183 Codd.
900 4140 923 4181 in
956 4150 1043 4193 marga
1067 4137 1148 4182 Mitra.

163 4218 197 4250 ra.
209 4205 284 4250 Codd.
295 4207 318 4250 in
331 4219 418 4262 murra:
430 4206 549 4262 Cyrolere.
597 4207 630 4252 15.
642 4207 718 4252 Codd.
733 4209 755 4252 in
771 4220 858 4263 margi
878 4207 975 4250 Parrum.

215 4362 254 4410 24.
275 4351 293 4414 l,
312 4349 328 4399 8
348 4352 411 4415 Cap.
425 4352 462 4412 V;
481 4351 528 4401 sed
547 4360 588 4401 eat
606 4366 662 4415 cap.
681 4351 722 4402 Ex
740 4355 861 4404 tuamm.

994 4435 1046 4504 19*
