3008 5026
183 385 251 429 cle
271 368 334 458 xu]
481 390 524 440 oe
545 391 755 441 porterum:
776 393 872 441 eree.

91 551 152 606 256⁵
181 548 279 629 quod
311 549 467 631 populus
498 549 703 632 percipiens
738 568 835 612 suam
868 551 1065 614 versuciam
1091 553 1095 630 Ι
1120 571 1171 614 re·

180 652 340 716 bellaret.

224 756 329 819 Unde
351 756 461 841 logici
484 757 717 841 multiplicant
744 757 780 820 in
806 758 875 822 ista
898 761 1045 823 materia
1069 782 1171 845 argu·
1225 774 1332 871 ἀιῇὶεῑοιιι

181 871 310 939 menta,
343 870 382 925 ut
410 862 530 943 posito
560 863 658 944 quod
685 883 779 945 papa
806 864 864 926 vel
898 864 987 927 alius
1014 868 1171 947 prelatus
1243 839 1248 869 ¹
1276 837 1345 884 ‘NJ'

157 964 341 1048 5iniungat
369 966 578 1049 cuicumque
603 967 731 1030 clerico
757 967 824 1032 sibi
852 968 1014 1031 subiecto
1039 970 1171 1034 virtute

181 1090 281 1132 sacre
305 1070 517 1133 obediencie
546 1080 581 1133 et
611 1075 677 1135 sub
707 1073 859 1134 obtentu
887 1074 1127 1138 absolucionis
1152 1096 1171 1138 a

179 1194 272 1256 pena
303 1184 341 1237 et
381 1177 485 1258 culpa
518 1177 576 1238 vel
609 1177 752 1240 alterius
790 1175 950 1261 suffragii
978 1179 1170 1261 spiritualis

180 1279 276 1359 quod
304 1279 428 1342 obviet
455 1279 570 1361 primo
598 1280 705 1362 plene
732 1299 827 1362 pape
855 1281 1039 1346 obedienti
1063 1293 1098 1346 et
1121 1284 1169 1346 in·

177 1382 302 1466 iungat
318 1383 527 1466 cuicumque
543 1385 646 1467 layco
664 1388 731 1447 sub
747 1383 861 1447 forma
877 1385 1061 1464 consimili,
1072 1389 1169 1469 quod

137 1487 302 1551 roobviet
333 1488 446 1570 primo
479 1509 573 1572 pape
605 1489 837 1567 inobedienti,
871 1499 907 1553 et
938 1490 999 1553 fiat
1026 1491 1092 1555 ista
1119 1494 1169 1555 in·

176 1591 316 1654 iunccio
333 1595 399 1655 sub
416 1593 627 1675 gravissimo
645 1595 876 1671 anathemate,
899 1604 936 1656 et
951 1595 1072 1677 posito
1090 1617 1168 1661 cum

176 1696 246 1758 hoc
278 1697 375 1778 quod
408 1697 521 1760 omnis
554 1697 703 1760 clericus
735 1700 794 1761 vel
826 1700 951 1782 laycus
981 1720 1076 1782 pape
1109 1701 1168 1764 isti

177 1798 359 1862 subiectus
382 1798 448 1862 fuit
470 1800 583 1883 primo
599 1802 705 1884 plene
722 1802 789 1865 sibi
807 1803 990 1882 obediens,
1015 1813 1051 1866 et
1068 1807 1165 1887 quod

177 1903 291 1965 omnis
323 1903 473 1967 clericus
505 1905 628 1968 obviet
655 1906 770 1989 primo
805 1906 1032 1989 singulariter
1063 1909 1167 1992 layco

137 2016 213 2069 r5et
241 2017 395 2088 econtra,
423 2018 460 2072 et
486 2009 628 2073 videtur
656 2011 757 2093 sequi
790 2011 1036 2076 contradiccio.
1076 2012 1168 2095 Quia

176 2113 220 2175 da
244 2115 341 2195 quod
364 2134 445 2194 non,
470 2116 515 2178 de
531 2115 641 2179 Petro
666 2116 795 2179 clerico
818 2125 854 2179 et
870 2117 914 2179 de
932 2117 1044 2180 Paulo
1061 2119 1164 2202 layco

175 2216 243 2282 sibi
271 2219 385 2300 primo
415 2219 655 2297 obviantibus,
689 2230 724 2284 et
752 2240 864 2303 quero
893 2229 1008 2285 utrum
1036 2222 1167 2286 Petrus

174 2343 241 2404 pro
265 2322 409 2387 instanti
431 2324 540 2387 obvie
563 2325 609 2389 sit
625 2345 718 2408 pape
739 2325 926 2406 obediens3
951 2326 980 2389 si
996 2327 1058 2408 sic,
1081 2337 1166 2391 tunc

174 2426 209 2489 in
233 2447 316 2490 casu
349 2437 492 2512 oportet
521 2429 640 2492 dicere
669 2431 767 2512 quod
789 2429 920 2493 Paulus
944 2451 1011 2513 pro
1035 2431 1094 2495 illo
1117 2431 1166 2494 in·

130 2551 163 2586 20
174 2532 280 2595 stanti
296 2532 342 2596 sit
358 2553 453 2616 pape
469 2533 690 2613 inobediens,
714 2534 795 2617 quia
811 2554 889 2598 cum
910 2535 1026 2617 primo
1044 2536 1166 2600 obviat

173 2635 291 2717 Petro,
315 2637 375 2719 qui
391 2648 446 2701 est
462 2639 568 2721 plene
584 2658 678 2721 pape
702 2639 886 2721 obediens,
912 2649 949 2702 et
971 2640 1164 2704 iniunctum

175 2748 229 2802 est
262 2740 329 2803 sibi
362 2744 458 2823 quod
490 2741 604 2825 primo
637 2742 761 2806 obviet
798 2762 892 2825 pape
932 2743 1165 2821 inobedienti,

175 2845 335 2927 sequitur
351 2848 448 2928 quod
465 2846 597 2910 Paulus
612 2847 758 2910 incurrit
777 2857 898 2911 notam
914 2847 1164 2912 inobediencie

174 2959 209 3012 et
234 2950 285 3013 sic
308 2950 449 3029 PetruS,
480 2952 509 3016 si
536 2953 572 3015 in
597 2973 680 3016 casu
704 2953 773 3016 isto
798 2952 928 3016 Petrus
956 2953 1002 3016 sit
1025 2974 1092 3036 pro
1115 2954 1163 3017 in·

130 3056 280 3119 asstanti
305 3057 412 3120 obvie
441 3078 537 3140 pape
559 3057 782 3137 inobediens,
807 3067 891 3120 tunc
915 3068 1059 3141 oportet
1083 3079 1163 3122 con·

173 3161 303 3223 cedere
320 3162 466 3225 Paulum
487 3182 567 3226 esse
588 3162 817 3225 obedientem
841 3172 877 3226 et
901 3173 1165 3246 consequenter

171 3265 326 3342 Petrum,
351 3268 433 3349 quia
456 3278 536 3330 ante
560 3268 701 3331 obviam
723 3267 791 3331 fuit
808 3275 957 3350 uterque
978 3268 1163 3346 obediens,

172 3378 208 3432 et
231 3370 361 3435 Petrus
385 3392 432 3434 ex
456 3372 562 3437 obvia
585 3393 657 3436 non
680 3373 719 3434 fit
742 3371 965 3452 inobediens,
995 3374 1059 3436 sed
1083 3393 1162 3437 con·

170 3475 327 3539 firmatur
356 3477 431 3540 eius
460 3476 670 3541 obediencia
697 3477 797 3541 iuxta
826 3478 926 3541 dicta.
965 3477 1042 3540 Nec
1066 3478 1162 3540 valet

128 3581 302 3663 30negare
336 3602 455 3644 casum
487 3591 639 3665 propter
670 3582 750 3645 tria:
784 3582 897 3665 primo
932 3581 1014 3665 quia
1046 3583 1160 3644 solum

170 3693 332 3747 neutrum
365 3687 422 3748 vel
455 3686 629 3769 possibile
657 3695 713 3750 est
744 3695 966 3770 preceptum,
1000 3686 1160 3749 secundo

224 3983 281 4025 2.A
305 3993 422 4036 omani:
442 3981 504 4025 Nota
523 3992 601 4025 casum
613 3981 744 4037 pulchrum.
799 3978 912 4025 3.Codd.
934 3979 1159 4035 inmorandum.
1209 4036 1213 4045 .

167 4065 189 4105 4,
201 4052 275 4096 Codd.
292 4053 314 4095 in
328 4064 415 4107 marg:
430 4053 521 4107 Spolrut
535 4052 611 4095 clerus
622 4051 733 4107 populum
746 4062 813 4095 suum
820 4050 968 4095 mirabiliter.
1025 4062 1055 4094 ιι.
1068 4051 1160 4105 posito,-

169 4123 198 4166 ll:
212 4127 274 4178 port.
330 4121 368 4167 23.
384 4126 399 4165 lt
415 4123 438 4165 in
455 4134 541 4176 marg.:
561 4119 702 4167 obediencia
713 4132 779 4177 pape
792 4121 816 4164 in
831 4121 929 4165 neutris.

219 4265 243 4314 4.
264 4251 337 4311 Quae
350 4265 428 4317 supra
442 4256 595 4303 narrentur:
614 4252 644 4300 ul
658 4249 748 4314 posito
771 4263 857 4315 usque
879 4263 937 4314 pag.
957 4247 1041 4310 3841.
1068 4262 1098 4312 ¹4
1124 4247 1160 4297 sit

166 4341 269 4391 solutus
288 4341 314 4389 in
324 4339 450 4390 lobannis
469 4338 702 4389 llusDeEcclesia
721 4337 797 4403 capit.
816 4336 872 4386 xxl
891 4335 1050 4388 verbotenus
1068 4332 1158 4385 habea.
