3008 5026
147 405 214 450 cnr.
229 389 260 477 1.]
439 408 485 458 DE
504 405 714 458 POTESTATE
737 405 834 455 ΡΛΡΕ.

147 565 309 628 ordinare
332 563 484 627 medium
507 561 734 645 multiplicius
762 580 828 644 pro
856 561 926 623 fine
954 560 1015 642 qui
1039 580 1130 643 eque

146 669 307 752 perfecte
329 668 433 731 fieret
455 687 521 749 per
542 665 696 729 medium
719 664 876 735 brevius,
909 685 988 728 cum
1017 665 1130 728 omnis

147 773 225 837 talis
248 770 428 836 ordinacio
451 770 547 834 foret
568 771 712 842 frustra;
738 770 802 832 sed
826 769 939 832 omnis
960 770 1040 834 finis
1062 791 1130 853 pro

147 898 217 960 quo
250 876 473 940 ordinaretur
504 884 665 958 potestas
701 882 771 937 tam
812 874 999 957 multiplex
1038 894 1131 956 eque

121 981 306 1065 §perfecte
344 980 375 1044 si
412 1000 483 1043 non
520 977 721 1062 perfeccius
752 978 857 1042 fieret
892 999 957 1062 per
994 979 1131 1043 unicam

147 1085 341 1169 simplicem
363 1092 590 1167 potestatem,
613 1102 684 1166 que
701 1091 757 1146 est
771 1082 920 1147 liberum
941 1083 1131 1162 arbitrium,

147 1190 245 1254 sicud
260 1209 327 1273 per
342 1188 521 1271 quotlibet
536 1196 738 1271 potestates
749 1187 1007 1270 superadditas,
1022 1187 1131 1271 igitur

56 1291 117 1357 ¹⁶4¹
146 1292 330 1377 superfluit
350 1290 355 1378 1
375 1312 511 1375 ponere
535 1301 607 1354 tam
629 1292 766 1354 multas.
810 1291 928 1354 Minor
959 1294 1132 1375 probatur

147 1419 194 1462 ex
214 1400 294 1480 hoc,
319 1398 416 1479 quod
439 1397 553 1460 omnis
574 1406 737 1480 potestas
762 1405 879 1460 creata
900 1407 957 1460 est
979 1407 1131 1481 propter

105 1537 135 1570 ιο
146 1523 237 1586 opus
268 1501 508 1585 perfeccionis
539 1500 697 1565 universi
724 1502 918 1564 secundum
946 1503 1130 1566 ecclesiam

145 1609 205 1671 vel
236 1606 335 1669 aliam
368 1604 443 1668 eius
475 1612 621 1687 partem,
655 1605 720 1668 sed
751 1603 787 1667 in
819 1625 923 1668 omne
946 1608 1016 1670 tale
1040 1627 1131 1690 opus

146 1711 278 1775 sufficit
298 1710 447 1773 liberum
470 1710 650 1773 arbitrium
673 1710 750 1773 sine
776 1720 957 1794 potestate
974 1712 1131 1775 acciden-

146 1815 216 1896 tali,
248 1835 327 1878 nam
358 1814 394 1877 in
426 1823 518 1878 statu
549 1814 758 1878 innocencie
789 1815 884 1878 foret
916 1818 1030 1879 solum
1053 1816 1132 1879 talis

146 1929 318 2002 potestas,
352 1918 444 1982 sicut
475 1927 560 2002 post
593 1927 721 1982 statum
753 1918 963 1982 innocencie
993 1919 1044 1982 illi
1071 1920 1132 2003 qui

104 2024 312 2090 15vixerunt
341 2023 544 2107 religiosius
577 2032 767 2087 caruerunt
798 2023 999 2087 huiusmodi
1030 2035 1131 2107 pote·

146 2138 246 2210 state,
283 2127 369 2211 quid
405 2128 544 2210 (queso)
581 2127 712 2191 sufficit
744 2129 848 2192 homo
881 2129 1046 2192 ordinare
1072 2131 1131 2193 vel

145 2232 273 2304 facere,
298 2233 396 2315 quod
418 2252 490 2295 non
513 2232 644 2295 sufficit
664 2252 711 2295 ex
726 2253 817 2315 puro
833 2232 947 2296 libero
965 2233 1130 2297 arbitrio?

145 2336 297 2401 Videtur
321 2335 412 2399 enim
434 2336 530 2418 quod
553 2336 696 2419 palliata
718 2345 880 2420 potestas
905 2338 1132 2420 superaddita

146 2441 272 2525 pocius
294 2441 480 2524 perturbat
504 2439 701 2504 ecclesiam.

103 2573 136 2609 20
190 2546 290 2628 Item,
323 2546 444 2607 eadem
472 2553 635 2627 potestas
659 2544 694 2608 in
717 2566 863 2610 numero
891 2555 1015 2628 potest
1038 2569 1131 2612 nunc
1142 2577 1223 2619 power
1236 2578 1348 2621 naum,

146 2650 255 2713 laxari
293 2658 329 2712 et
359 2669 430 2711 nun
463 2648 640 2731 restringi,
672 2659 711 2712 ut
743 2658 842 2732 patet
875 2652 920 2713 de
948 2661 1130 2734 potestate
1142 2628 1347 2736 ineiiiigeniirbc

147 2753 279 2818 ordinis
302 2752 379 2836 pari
400 2751 437 2815 in
460 2752 620 2835 quolibet
644 2755 842 2834 sacerdote,
874 2754 958 2818 lieet
989 2756 1025 2819 in
1052 2778 1130 2840 pre·
1181 2734 1309 2779 ‘mm'

145 2859 225 2923 latis
248 2857 421 2940 suscipiat
442 2857 479 2920 in
501 2857 682 2920 laxacione
703 2868 739 2921 et
754 2858 982 2922 restriccione
999 2864 1131 2943 gradus

146 2962 373 3044 multiplices3
404 2961 511 3044 igitur
544 2982 609 3044 per
640 2962 736 3026 idem
770 2964 936 3027 naturalis
970 2976 1131 3047 potestas

104 3075 267 3150 25potest
298 3085 391 3129 nunc
423 3065 533 3128 laxari
566 3075 601 3128 et
633 3087 727 3130 nunc
758 3067 926 3153 restringi
964 3079 1132 3149 quantum

147 3179 290 3254 oportet
312 3189 379 3253 pro
402 3169 575 3253 regimine
599 3170 761 3253 ecclesie,
784 3171 892 3254 igitur
916 3193 994 3235 cum
1017 3173 1053 3235 in
1073 3174 1133 3237 tali

146 3274 328 3338 laxacione
362 3293 433 3336 non
466 3273 657 3356 acquiritur
679 3295 774 3338 nova
796 3284 970 3359 potestas,
1003 3297 1070 3341 nec
1097 3278 1131 3340 in

146 3376 375 3443 restriccione
387 3376 605 3459 deperditur,
617 3379 778 3461 sequitur
788 3381 884 3462 quod
900 3401 972 3443 non
988 3390 1133 3462 oportet

147 3482 387 3564 superaddere
410 3501 539 3544 novam
561 3481 760 3547 huiusmodi
782 3494 1008 3567 potestatem.

104 3601 136 3650 30
189 3585 307 3650 Minor
321 3594 429 3669 patet,
452 3594 526 3649 tum
543 3586 625 3670 quia
645 3598 804 3672 potestas
820 3610 892 3653 non
909 3589 1133 3673 componitur

147 3711 194 3754 ex
216 3691 288 3753 suis
311 3690 471 3774 partibus
494 3691 691 3776 intensivis,
709 3703 782 3757 tum
799 3694 909 3757 eciam
934 3694 1016 3777 quia
1031 3694 1133 3757 aliter

145 3815 217 3859 non
239 3795 333 3859 foret
356 3796 479 3858 eadem
503 3806 665 3879 potestas
681 3797 845 3862 restricta
859 3799 918 3862 vel
936 3799 1054 3862 laxata
1068 3799 1132 3861 sed

146 3900 289 3963 omnino
313 3901 371 3962 vel
396 3899 538 3983 antiqua
560 3901 700 3983 perdita
727 3904 787 3965 vel
816 3923 908 3966 nova
930 3902 1058 3986 genita.
1086 3903 1131 3965 Et

144 4004 231 4067 illud
269 4003 477 4068 evidencius
514 4016 635 4069 movet
672 4009 766 4090 quod
804 4027 876 4070 non
915 4017 1060 4090 oportet
1096 4008 1133 4071 in

146 4109 333 4172 sacerdote
356 4129 493 4191 ponere
518 4110 787 4175 distinccionem
815 4112 1017 4195 specificam
1040 4112 1133 4177 inter

199 4290 232 4322 ιο.
254 4280 369 4331 universi‚·
384 4282 412 4324 ll:
433 4293 511 4325 verum
525 4295 557 4326 re.
614 4295 650 4326 ao.
672 4283 700 4326 B:
724 4285 802 4327 cadem
824 4283 900 4336 dcem
924 4285 940 4327 ll
959 4285 981 4327 iu
1003 4296 1088 4339 marga
1111 4294 1131 4326 r.

148 4349 183 4390 28.
201 4351 230 4389 b:
245 4361 273 4392 ne
286 4349 430 4404 deperditur.
