3008 5026
180 418 248 462 car.
261 402 303 490 n]
479 423 524 473 os
544 423 755 476 rorssrarc
774 426 872 476 rurs.

179 577 366 661 potestatis
399 579 541 658 ordinis,
575 580 657 662 quia
689 590 824 645 certum
848 592 904 645 est
935 584 1033 665 quod
1064 584 1165 646 Deus

180 682 240 744 dat
261 684 320 745 vel
343 702 415 747 non
439 685 508 763 dat,
541 694 580 747 ut
604 684 673 748 sibi
694 686 878 769 placuerit,
907 686 1040 751 ordinis
1065 697 1164 770 pote-

180 795 315 850 statem.
357 787 463 852 Unde
506 799 720 854 caracterem
758 792 990 855 sacerdotalis
1032 791 1165 855 ordinis

180 891 412 974 supponimus
445 894 677 958 communiter
710 895 883 978 consequi
914 916 979 979 par
1010 895 1166 958 officium

156 996 384 1062 §sacerdotis
394 997 436 1061 In
446 1018 518 1080 qua
527 999 671 1061 materia
683 1001 811 1062 vellem
821 1010 965 1063 nostros
976 999 1165 1084 solempni·
1181 1020 1232 1065 our
1246 1021 1377 1116 lepidum

180 1109 298 1165 zantes
314 1100 595 1165 constituciones
610 1104 778 1166 humanas
799 1105 845 1167 ad
864 1104 972 1167 fidem
988 1104 1165 1187 scripture
1209 1073 1352 1169 ilssleil‘ll

179 1215 216 1268 et
246 1226 370 1289 puram
408 1206 585 1269 racionem
617 1207 802 1271 attendere
841 1221 878 1271 et
914 1228 986 1271 non
1017 1208 1165 1291 amplius
1176 1176 1378 1275 Chu‘iviuifmd

178 1310 314 1392 fingere
330 1311 375 1373 ad
390 1330 480 1374 onus
497 1312 658 1390 ecclesie,
682 1312 750 1375 nisi
766 1315 863 1394 quod
880 1312 1010 1376 exinde
1034 1313 1167 1376 scirent
1197 1282 1358 1390 adificiis.

179 1414 273 1476 clare
295 1414 484 1492 deducere,
507 1415 589 1497 quia
611 1416 835 1498 potissimum
857 1416 893 1479 in
916 1416 1049 1480 talibus
1068 1419 1166 1499 quod

139 1539 333 1584 rosummus
357 1520 526 1583 sacerdos
550 1528 674 1603 potest
696 1520 828 1602 facere,
862 1530 919 1584 est
950 1521 1077 1584 mereri
1108 1523 1167 1584 vel

178 1623 407 1706 preconizare
444 1625 543 1706 quod
573 1626 644 1688 tale
676 1623 722 1688 sit
749 1624 820 1687 Dei
842 1624 1020 1703 iudicium,
1052 1645 1166 1707 aquo

179 1747 286 1791 sensu
309 1748 398 1811 sepe
422 1728 615 1809 exorbitat3
646 1728 728 1791 ideo
758 1748 846 1812 sepe
879 1729 1035 1792 creditur
1071 1730 1168 1812 quod
1217 1767 1270 1812 T„
1284 1769 1346 1825 pm„

179 1832 332 1897 absolvit
353 1834 414 1896 vel
437 1833 729 1910 excommunicat,
754 1843 790 1896 et
813 1842 931 1896 tamen
954 1842 1067 1897 totum
1088 1852 1168 1896 con·
1197 1822 1324 1928 {3:352}
1336 1822 1364 1917 ἓξ

178 1937 320 2001 trarium
344 1937 465 2001 evenit
489 1948 575 2022 aput
596 1939 723 2019 Deum,
756 1948 792 2001 et
824 1938 906 2001 dum
938 1958 1004 2001 nos
1029 1936 1167 1999 viantes
1178 1937 1206 1969 οἳ
1220 1926 1379 1969 excommuni-

1237 1979 1297 2021 erun
1327 2012 1332 2022 .

138 2057 299 2108 15sumus
323 2044 475 2107 ecclesie
498 2043 728 2126 triumphanti
744 2042 917 2125 contrarii,
940 2061 1091 2105 necesse
1114 2049 1169 2104 est
1300 1980 1324 2034 ὅ)

179 2149 277 2229 quod
323 2148 368 2210 sit
406 2147 653 2212 controversia
697 2147 734 2211 in
776 2146 965 2210 universali
1008 2144 1168 2209 ecclesia

223 2251 399 2334 Quantum
423 2254 466 2316 ad
491 2253 649 2333 tercium,
672 2251 808 2316 scilicet
833 2251 992 2315 ordinem
1012 2257 1167 2333 potesta·

91 2370 152 2438 169e
179 2366 262 2434 tum,
285 2357 412 2421 dicitur
433 2357 664 2421 communiter
684 2355 689 2442 l
709 2357 807 2439 quod
823 2356 915 2419 sicut
936 2367 1017 2418 sunt
1038 2373 1166 2417 novem

181 2461 323 2526 ordines
351 2464 569 2546 angelorum,
601 2461 653 2524 sic
677 2470 760 2524 sunt
782 2481 912 2523 novem
938 2459 1081 2523 ordines
1104 2478 1167 2542 po·

136 2573 361 2646 zotestatum;
385 2576 422 2630 et
443 2569 513 2630 hoc
538 2567 675 2629 elicitur
699 2585 745 2628 ex
761 2566 942 2648 Apostolo
965 2564 993 2629 Ι.
1011 2563 1166 2627 Corinth.

180 2668 265 2747 XII,
289 2674 308 2733 6
339 2672 402 2734 ubi
424 2671 606 2734 declarans
630 2669 799 2733 unitatem
826 2668 987 2752 corporis
1016 2667 1168 2732 ecclesie
1196 2695 1231 2740 st,
1245 2694 1300 2737 plut
1316 2693 1367 2736 tens

182 2774 345 2857 ostendit,
368 2775 482 2858 primo
506 2777 603 2858 quod
619 2774 747 2837 divisio
768 2773 973 2857 graciarum,
996 2772 1168 2836 ministra·
1205 2748 1364 2861 iiiiisiii,

181 2878 320 2943 cionum
343 2888 380 2943 et
396 2880 647 2963 operacionum
663 2878 828 2962 procedit
847 2880 891 2941 ab
909 2897 979 2941 uno
997 2875 1170 2960 spirituali
1183 2863 1278 2895 ΨΜ
1293 2861 1386 2905 '‘m''

181 2983 346 3061 Domino,
373 2987 432 3066 qui
458 2991 623 3067 operatur
645 2986 681 3047 in
705 2985 880 3061 omnibus,·
907 2991 1054 3065 oportet
1079 2981 1170 3044 enim

139 3100 171 3150 25
181 3089 333 3172 graciam
349 3091 556 3172 precedere,
571 3109 642 3171 que
659 3089 705 3151 sit
720 3087 932 3171 principium
952 3085 1171 3149 ministrandi

180 3192 216 3256 in
232 3193 371 3258 clericis
388 3202 425 3258 et
441 3193 612 3277 operandi
627 3193 664 3257 in
678 3192 799 3276 laycis.
812 3190 968 3276 Spiritus
985 3201 1100 3255 autem
1112 3191 1172 3254 dat

181 3297 343 3380 graciam,
369 3298 545 3361 Dominus
576 3297 706 3381 recipit
731 3296 1038 3377 ministracionem,
1071 3295 1171 3358 Deus

183 3401 296 3484 exigit
316 3402 622 3467 ministracionem.
656 3403 736 3484 Alii,
764 3402 887 3484 inquit,
911 3421 977 3484 per
1000 3399 1171 3483 Spiritum

181 3509 288 3571 datur
317 3527 431 3572 sermo
463 3510 645 3590 sapiencie,
678 3509 741 3571 aiii
776 3526 855 3570 varo
887 3527 1000 3570 sermo
1033 3506 1173 3570 sciencie

140 3614 368 3676 30secundum
384 3616 529 3677 eundem
553 3611 733 3695 Spiritum.
758 3612 868 3675 Alteri
882 3613 976 3691 fides
998 3613 1034 3674 in
1057 3611 1172 3674 eodem

182 3715 328 3800 Spiritu,
351 3719 415 3781 aiii
435 3720 560 3799 gracia
582 3720 773 3782 sanitatum
796 3718 833 3779 in
855 3736 923 3780 uno
943 3714 1087 3797 Spiritu,
1110 3714 1174 3777 alii

236 4005 268 4048 ¹7·
287 3994 340 4037 liin
357 4006 444 4048 marg:
465 3993 549 4038 Novem
565 4005 657 4048 genera
675 3997 830 4047 potestatum,-
848 3993 869 4035 Α
884 3992 906 4034 in
922 4002 1000 4045 marg:
1018 3988 1120 4033 Ordines
1131 3998 1173 4043 po·

182 4068 284 4107 testatem
299 4064 351 4116 (sic)
371 4063 395 4106 in
413 4062 572 4107 cacerdotibus
590 4075 670 4106 novem
691 4067 752 4105 sunt.
814 4061 850 4114 23,
867 4073 904 4114 ²4·
920 4060 949 4103 B:
968 4059 1054 4115 spiriru
1068 4058 1117 4102 alio
1131 4057 1174 4099 do·

183 4134 262 4177 minio.
318 4144 355 4187 ²7·
371 4132 401 4175 B:
419 4135 514 4187 recepit.

236 4291 277 4338 24.
296 4276 314 4326 l.
335 4276 394 4325 Cor.
414 4274 499 4336 Xll,5
529 4273 682 4327 Divisiones
706 4277 864 4342 gratiarum
889 4277 962 4332 suni,
990 4274 1063 4324 idem·
1086 4274 1173 4322 aulem

183 4365 306 4428 spiritus.
380 4361 419 4413 28.
440 4361 539 4412 lbidem
559 4361 653 4413 8-10.

1035 4443 1072 4498 3*
