3008 5026
144 373 273 455 canu]
441 396 485 444 on
506 394 715 445 potestate
739 395 835 446 rare.

145 557 173 612 ct
204 570 320 614 omnes
352 553 481 615 celestis
512 553 637 615 milicie
668 553 807 615 ordines
829 557 859 615 el
882 570 998 615 omnes
1019 551 1129 615 sancti

145 657 180 716 in
208 657 324 737 glorio
355 675 433 720 mea
464 658 610 720 laudant
642 657 809 720 vobiscum
848 660 878 718 et
913 655 1129 734 confirmant,

144 779 226 840 quos
240 761 358 841 ligatis
373 765 403 823 et
417 763 555 825 solvitis
579 760 654 824 Nou
671 762 763 841 dixit,
778 779 860 840 quos
874 762 1004 839 putatis
1018 761 1130 840 ligore

145 871 174 928 ei
201 866 339 935 solvere,
367 867 427 928 sed
454 867 490 928 in
517 885 599 945 quos
625 866 782 929 exercetis
809 884 894 947 opus
922 865 1053 927 iusticie
1079 864 1130 926 vel

120 971 387 1033 misericordie.
419 969 529 1035 Aliter
551 976 664 1033 orclem
689 988 795 1049 opera
818 974 930 1032 vestro
952 970 986 1030 in
1009 985 1127 1048 pecca·

145 1080 234 1137 iores
248 1093 315 1138 non
332 1087 501 1156 cognosco.
526 1073 614 1155 Quis
630 1074 739 1156 igitur
757 1094 827 1136 non
841 1073 1014 1147 horreret,
1032 1071 1130 1153 quod
1153 1064 1206 1108 ⁰⁰⁶
1222 1066 1279 1109 ³⁰⁸⁵
1294 1073 1333 1108 ¹¹⁰¹

1171 1118 1267 1162 confirm
1283 1119 1311 1161 all

145 1179 312 1241 sacerdos
352 1179 450 1260 cogit
480 1179 597 1241 Deum
636 1187 672 1242 et
710 1187 822 1241 totam
856 1176 1129 1257 triumphantem
1152 1169 1320 1265 ,bissdlntffld

1160 1223 1227 1264 oosin
1258 1223 1285 1265 ot
1307 1223 1334 1265 bc

146 1282 330 1346 ecclesiam
354 1283 555 1346 consentire
580 1282 801 1366 culpabiliter
821 1301 883 1344 sue
901 1280 1054 1344 stulticie
1070 1280 1128 1343 vel
1204 1230 1303 1329 Idm·t

145 1385 314 1469 quicquid
345 1387 379 1449 in
411 1387 480 1450 isto
517 1386 643 1450 fecerit
675 1387 718 1449 ad
755 1397 863 1449 ratam
902 1383 1126 1468 prudenciam

105 1491 328 1572 10imputare,
361 1493 420 1552 vel
452 1493 548 1573 quod
577 1492 731 1574 populus
760 1491 836 1553 sine
864 1489 994 1553 iudicio
1020 1490 1130 1550 debet

146 1596 291 1658 credere
302 1614 383 1658 esse
395 1595 637 1658 confirmatum
649 1596 768 1662 aDeo.
781 1593 949 1677 quicquid
961 1594 1128 1656 sacerdos

144 1699 270 1762 fecerit
300 1698 336 1762 in
368 1700 433 1762 hac
466 1708 576 1781 parte.
615 1699 719 1762 Tales
746 1698 948 1762 blasfemias
976 1706 1013 1760 et
1035 1697 1129 1759 mille

144 1802 317 1885 permittit
343 1803 443 1866 Deus
473 1803 509 1866 in
541 1812 727 1886 peccatum
760 1803 923 1878 ecclesie,
956 1801 1129 1865 confitens

144 1927 230 1970 vero
264 1906 329 1970 erit
363 1907 518 1990 optimus
549 1907 659 1971 iudex
697 1907 836 1990 peccati
863 1906 1009 1990 proprii,
1048 1926 1128 1969 con·

104 2021 132 2072 15
145 2012 304 2074 siderans
328 2012 358 2074 si
380 2011 541 2094 perfecte
566 2013 664 2075 dolet
685 2015 728 2075 de
746 2011 934 2075 commisso
950 2011 986 2074 in
1001 2011 1129 2088 Deum,

145 2115 174 2178 si
206 2115 383 2179 humiliter
415 2115 585 2198 proponit
618 2125 654 2179 et
686 2136 757 2179 non
790 2117 868 2179 vult
899 2115 950 2179 sic
977 2135 1129 2199 peccare

145 2220 304 2302 amplius
344 2218 521 2285 Sacerdos
550 2229 664 2283 autem
693 2219 752 2303 qui
780 2220 929 2302 apponit
951 2219 1129 2284 materiam

145 2325 180 2386 in
204 2323 432 2387 confitentem
455 2324 598 2406 ignorat
616 2326 701 2402 hoc;
726 2333 967 2387 verumtamen
984 2325 1130 2388 multum

146 2430 241 2491 valet
264 2429 358 2510 apud
382 2437 565 2512 utramque
590 2429 786 2505 ecclesiam,
811 2429 908 2511 quod
928 2428 1007 2511 quis
1022 2427 1130 2491 humi-

53 2537 117 2589 212'
145 2532 226 2596 liter
247 2530 697 2616 confiteaturlpresbitero,
721 2534 818 2615 quod
838 2533 916 2616 ipse
937 2534 1131 2596 secundum

147 2638 281 2699 clavem
314 2637 469 2700 sciencie
503 2645 602 2719 aptet
633 2637 809 2700 sanificam
842 2636 1059 2714 medicinam,
1095 2645 1132 2700 et

147 2741 245 2821 quod
276 2750 355 2803 oret
387 2759 427 2802 ac
459 2750 651 2823 supportet
689 2761 767 2803 cum
806 2740 934 2804 ceteris
966 2740 1131 2804 membris

147 2843 276 2907 Christi
299 2864 365 2927 pro
389 2846 525 2907 scelere
549 2844 766 2908 confitentis.
805 2843 865 2910 Sic
889 2844 980 2907 enim
1009 2864 1131 2908 secun·

148 2950 229 3010 dum
245 2948 485 3030 Augustinum
507 2968 616 3030 super
630 2949 789 3029 Johanne
806 2947 978 3014 Sermone
995 2948 1131 3025 CXXI,

103 3052 299 3115 25ecclesia
337 3062 537 3117 sanctorum
575 3052 611 3115 in
649 3052 790 3116 racione
833 3051 948 3116 meriti
988 3051 1132 3115 dimittit

174 3165 304 3223 eccata.

146 3177 366 3341 pQuantum
401 3263 444 3324 ad
475 3262 670 3324 secundum
693 3282 917 3344 pomposum,
951 3263 1048 3345 quod
1076 3270 1131 3325 est
1142 3257 1347 3354 ⁰²1¹,¹,⁸{‘,d⁰,‘,l{‚³,d⁶

146 3365 278 3427 ordinis
294 3366 352 3428 vel
376 3374 490 3428 status
515 3365 679 3450 dignitas,
704 3366 945 3430 consideraret
964 3366 1014 3430 sic
1031 3380 1130 3448 pom·
1211 3370 1277 3406 ‘'¹¹¹⁰-

145 3488 234 3551 pans
257 3468 463 3552 dignitatem
485 3471 679 3533 naturalem
703 3479 741 3533 et
764 3479 891 3534 statum
915 3471 1070 3554 dyaboli,
1095 3478 1132 3534 et

103 3585 135 3633 30
146 3572 182 3634 in
215 3582 377 3655 quantam
409 3572 657 3655 indignitatem
688 3573 811 3638 incidit
842 3595 908 3657 per
931 3583 1131 3657 peccatum,

146 3686 185 3740 ut
216 3678 361 3759 pulchre
401 3679 556 3741 declarat
587 3678 810 3762 Augustinus
842 3678 878 3742 in
910 3679 967 3741 De
999 3677 1131 3742 Verbis

147 3781 289 3844 Domini
313 3780 486 3847 Sermone
509 3782 607 3846 LIII:
636 3783 761 3846 Melior
787 3789 844 3862 est,
872 3783 996 3866 inquit,
1021 3784 1129 3866 virgi-

198 4050 213 4082 ι,
232 4038 320 4082 Codd.:
340 4050 424 4084 omnes.
492 4050 525 4092 ¹4·
545 4039 585 4083 ΑΒ
602 4039 626 4084 in
647 4050 733 4093 marga
752 4036 877 4096 Confessio
897 4052 941 4096 que
952 4038 985 4094 stt
1004 4038 1130 4083 sacerdoli

144 4107 180 4151 32.
198 4107 239 4151 ΑΒ
254 4107 277 4151 in
293 4118 379 4161 marg:
396 4107 508 4164 organas
523 4109 585 4152 unde
598 4112 714 4152 causatur.

197 4243 236 4291 24.
257 4231 326 4296 Opp.
346 4243 411 4284 torn.
425 4234 457 4291 V,
479 4234 535 4300 595.
609 4235 648 4284 32.
668 4234 704 4283 St.
724 4234 790 4300 Aug.
810 4235 896 4285 Serm.
916 4234 1038 4297 CCCLV,
1059 4233 1129 4300 Ορρ.

137 4327 199 4368 tom.
213 4318 244 4384 V,
268 4320 330 4386 ¹³79
358 4319 473 4386 Loosely
490 4321 599 4386 quoted.
