3008 5026
726 387 895 439 ronanus
915 385 1056 439 nuccio
1276 360 1358 449 [car.
1374 379 1392 423 1.

447 547 537 627 Doc,
560 548 688 627 consul,
711 547 853 628 castiga,
876 547 1003 628 solare,
1023 547 1167 629 remitte,
1181 546 1252 628 fer.
1273 564 1349 623 oro,

403 686 486 769 quia
507 688 559 767 (ut
582 683 799 770 dictumest)
822 691 978 766 quotquot
1000 690 1198 768 receperunt
1218 684 1392 752 Christum

394 791 471 871 fide
493 790 668 872 formata,
700 792 792 854 dedit
823 793 871 854 eis
897 796 1098 872 potestatem
1129 793 1180 855 sie
1199 791 1300 871 filios
1326 789 1393 854 Dei

395 896 493 976 fieri,
525 903 565 958 ut
586 894 692 958 liceat
715 893 766 957 eis
790 894 944 978 dirigere
968 915 1006 958 se
1030 904 1067 959 et
1095 896 1225 960 fratres
1248 913 1334 958 suos
1356 893 1392 956 in

404 999 462 1063 via
492 999 604 1083 patris
639 999 694 1062 sui
719 998 856 1079 Christi,
888 1000 998 1063 eciam
1032 999 1270 1082 corripiendo,
1302 997 1418 1062 sicuti

223 1112 256 1158 80
270 1113 360 1156 secum
404 1113 506 1188 patet
528 1105 651 1168 Matth.
676 1103 817 1168 XVIII.
854 1103 961 1168 Unde
994 1104 1321 1187 correspondenter
1349 1104 1394 1166 ad

196 1177 277 1222 power
290 1176 344 1221 may
359 1165 386 1208 be

213 1217 365 1314 0133,er
405 1216 620 1290 potestatem
663 1207 879 1290 spiritualem
923 1217 1087 1291 potestas
1125 1207 1294 1271 secularis
1338 1216 1394 1270 est

209 1322 373 1418 effigufhgt
405 1313 550 1395 duplex,
567 1311 703 1375 scilicet
720 1311 833 1376 civilis
850 1323 886 1376 et
902 1312 1104 1377 communis.
1126 1311 1247 1377 Civilis
1264 1310 1393 1374 autori·

219 1425 356 1522 illllldlil
405 1416 517 1481 tativa
539 1417 654 1480 solum
678 1416 821 1480 domino
841 1419 845 1496 l
866 1417 960 1480 civili
985 1417 1163 1500 competit,
1186 1417 1252 1480 sed
1279 1415 1393 1479 civilis
1425 1406 1481 1471 ¹⁶4¹

197 1530 286 1586 private
300 1531 386 1576 affairs·
404 1520 535 1584 vicaria
551 1520 721 1584 convenit
735 1520 876 1585 ballivis
886 1522 946 1585 vel
963 1521 1039 1586 aliis
1055 1520 1265 1605 gerentibus
1276 1519 1393 1584 vicem
1407 1545 1436 1579 ιο

404 1623 612 1687 secularium
629 1624 859 1690 dominorum.
880 1625 1048 1689 Potestas
1066 1634 1182 1689 autem
1198 1623 1392 1688 communis

404 1728 572 1792 secularis
597 1739 653 1792 est
675 1749 744 1812 qua
767 1729 918 1812 quilibet
939 1740 1066 1814 potest
1088 1730 1283 1794 secundum
1298 1731 1394 1792 bona

404 1840 528 1895 nature
551 1843 587 1896 et
608 1832 751 1897 fortune
774 1834 928 1917 dirigere
944 1855 984 1898 se
1002 1843 1039 1899 et
1055 1854 1149 1898 suos.
1173 1834 1219 1897 Et
1236 1833 1286 1897 ita
1301 1832 1394 1896 sicut

403 1940 508 2002 homo
541 1958 610 2001 non
641 1946 766 2020 potest
797 1959 878 2002 esse
911 1940 988 2004 sine
1020 1941 1133 2004 anima
1165 1949 1202 2002 et
1227 1955 1392 2019 corpore,

403 2062 471 2106 nec
503 2041 597 2105 filius
628 2042 699 2105 Dei
731 2042 922 2126 adoptivus
954 2045 1030 2108 sine
1063 2043 1168 2108 bonis
1200 2050 1325 2105 nature
1358 2048 1435 2103 eto

217 2155 293 2211 Evcry
308 2167 361 2199 man
403 2147 534 2230 gracie,
567 2146 619 2210 sic
651 2167 723 2210 non
755 2156 827 2212 stat
848 2149 1021 2212 viatorem
1054 2168 1136 2212 esse
1168 2145 1236 2211 nisi
1263 2146 1395 2208 habeat

186 2208 474 2321 comnllllvertam
516 2252 711 2314 secularem
758 2272 862 2334 quam
914 2252 1131 2336 spiritualem
1174 2257 1391 2333 potestatem

202 2312 257 2408 1³33
269 2313 379 2410 :exalt
405 2375 633 2436 communem,
657 2355 816 2438 quamvis
838 2356 875 2419 in
896 2356 1091 2420 infantibus
1115 2366 1151 2419 et
1173 2352 1393 2418 morionibus

404 2460 451 2523 sit
481 2459 597 2543 ligata
638 2458 837 2541 Spiritualis
870 2469 988 2524 autem
1020 2468 1183 2543 potestas
1215 2465 1271 2521 est
1296 2464 1392 2519 utro·

403 2564 513 2647 bique
545 2562 757 2646 perfeccior,
798 2565 862 2627 sed
895 2573 932 2628 et
964 2563 1195 2628 sacerdotalis
1228 2568 1392 2644 potestas
1403 2581 1435 2619 20

404 2667 595 2751 spiritualis
638 2668 846 2749 superaddit
894 2669 1112 2752 spiritualem
1161 2684 1391 2732 communem.

226 2779 353 2833 Wronetul
405 2772 510 2854 Quod
549 2779 666 2834 autem
703 2771 871 2836 limitatur
907 2780 1073 2855 potestas
1109 2771 1245 2837 clericis
1284 2789 1393 2851 super

203 2832 374 2946 cllgllllltloe
403 2875 508 2941 bonis
532 2875 605 2939 suis
629 2876 896 2959 temporalibus,
925 2878 1064 2941 seclusa
1086 2885 1268 2959 potestate
1292 2895 1391 2938 secu·

215 2938 358 2990 ,armenon
402 2983 534 3062 larium,
578 2981 720 3044 videtur
763 3000 844 3044 esse
886 2980 1115 3064 presumpcio
1160 2989 1198 3045 et
1240 2978 1392 3043 avaricia

403 3087 639 3151 sacerdotum.
685 3085 733 3147 Et
769 3083 819 3147 sic
857 3092 940 3147 sunt
978 3084 1155 3165 quotlibet
1197 3083 1391 3147 divisiones
1403 3088 1433 3140 25

403 3190 626 3273 magistrales
648 3197 878 3271 potestatum,
911 3208 999 3271 quas
1023 3189 1209 3252 curiositas
1239 3185 1392 3251 ecclesie

403 3294 593 3373 adinvenit,
624 3302 665 3356 ut
696 3291 964 3355 archidiaconus
996 3301 1034 3356 et
1065 3294 1202 3355 electus
1227 3291 1392 3355 dicuntur

401 3401 533 3462 habere
565 3404 783 3480 potestatem
815 3395 1083 3469 iurisdiccionis,
1117 3395 1227 3460 eciam
1261 3396 1305 3458 ad
1332 3397 1391 3457 ab·

403 3503 612 3568 solvendum
637 3510 673 3564 et
689 3501 1074 3584 excommunicandum,
1097 3500 1183 3564 licet
1198 3521 1270 3564 non
1284 3501 1390 3562 habe·

403 3615 463 3671 ant
494 3609 538 3669 ad
570 3607 638 3668 hec
671 3612 888 3687 potestatem
921 3604 1064 3687 ordinis,
1099 3613 1136 3668 et
1161 3606 1267 3668 talem
1289 3612 1389 3687 pote·
1402 3610 1434 3661 30

403 3720 531 3775 statem
553 3710 589 3773 in
611 3709 691 3772 foro
717 3708 948 3772 contencioso
970 3709 1098 3774 dicitur
1117 3711 1241 3791 laycos
1257 3710 1390 3771 habere

404 3836 451 3879 ex
475 3813 783 3879 commissionibus
805 3814 1033 3896 prelatorum.

199 3926 336 3982 Obiectiuu
350 3934 374 3970 to
447 3919 580 3984 Contra
591 3918 684 3981 dicta
695 3918 740 3980 de
756 3916 1016 4000 multiplicitate
1032 3917 1223 4001 potestatis
1238 3920 1390 3981 humane

270 3979 308 4023 the

200 4031 377 4128 mglftiffliffion
403 4023 569 4107 arguitur.
602 4021 754 4085 Videtur
788 4021 880 4084 enim
913 4023 1010 4105 quod
1030 4024 1131 4086 Deus
1163 4043 1235 4086 non
1266 4029 1392 4105 potest

254 4148 337 4182 owerr.

238 4147 252 4190 Ρ
455 4223 477 4266 7.
492 4211 509 4254 B
524 4211 547 4254 in
563 4221 651 4265 marp:
667 4209 774 4253 Potestas
787 4209 909 4253 secularia.
966 4208 1002 4254 33.
1018 4209 1035 4253 B
1051 4211 1073 4253 in
1089 4223 1176 4265 marga
1193 4210 1311 4256 Obieccio.

458 4335 478 4369 1.
497 4316 556 4369 Joh.
576 4319 593 4381 l,
616 4333 653 4368 12.
730 4329 818 4367 1-20.
838 4318 869 4369 V.
889 4319 977 4368 Hussii
998 4319 1068 4384 Opp.
1087 4315 1158 4371 213³.
