3008 5026
159 369 227 414 can.
242 356 318 437 v111]
460 375 504 424 nu
523 375 735 426 PoTEsTnTE
755 375 853 426 ΡΑΡΕ.

159 530 409 614 turpissimum,
433 542 596 595 vocatum
621 551 641 595 a
665 531 793 597 ceteris
818 533 1040 596 commodum
1064 541 1147 595 tom·
1184 601 1187 607 ,

158 637 292 719 porale.
328 635 406 699 Nec
439 645 521 700 sunt
552 635 718 700 audiendi
750 636 885 718 discoli,
918 636 979 718 qui
1009 636 1149 723 fingunt

160 741 255 824 quod
281 740 395 804 omnis
417 760 475 804 res
500 742 628 804 durans
652 742 698 806 sit
720 752 872 824 tempus,
897 740 1008 805 etsie
1032 742 1148 804 clerus

159 865 280 908 emens
314 844 557 909 ecclesiastica
588 846 762 909 beneficia
793 847 853 908 vel
886 844 1056 908 secularia
1089 846 1148 910 do·

135 949 263 1013 iminia
286 949 371 1014 emit
397 958 549 1033 tempus,
578 951 676 1034 quod
700 961 756 1014 est
778 951 885 1013 hodie
909 949 1148 1014 necessarium

160 1057 265 1135 clero,
289 1074 366 1117 cum
390 1055 482 1137 layci
499 1055 637 1118 clericis
654 1055 788 1139 oppido
805 1063 887 1118 sunt
902 1054 1037 1132 infesti;
1064 1055 1147 1118 anti·

160 1159 585 1223 christianadeliramenta
600 1168 683 1223 sunt
702 1159 770 1222 ista
791 1168 827 1222 et
843 1178 969 1222 sensus
979 1160 1149 1243 Apostoli

160 1263 379 1329 subversiva.
404 1261 569 1348 Intelligit
585 1263 678 1326 enim
694 1265 893 1346 Apostolus
910 1272 1052 1347 tempus
1068 1285 1148 1346 pro·

159 1368 235 1451 prie
259 1388 325 1450 pro
349 1368 540 1432 duracione
563 1367 768 1432 successiva
790 1367 907 1430 tocius
923 1368 1054 1450 mundi,
1079 1388 1148 1450 que

120 1472 314 1556 10quamvis
347 1473 443 1536 omni
473 1473 606 1537 homini
638 1481 675 1536 et
698 1472 793 1536 omni
816 1472 959 1555 corpori
984 1471 1030 1536 sit
1053 1492 1148 1535 com·

160 1577 283 1659 munis,
300 1587 416 1640 tamen
427 1578 568 1660 quando
578 1577 686 1640 homo
702 1576 738 1639 in
752 1576 811 1639 illa
821 1577 1016 1640 secundum
1031 1578 1149 1661 legem

158 1681 229 1745 Dei
260 1682 491 1768 progreditur
522 1690 559 1745 et
594 1683 766 1745 allocatur
791 1681 828 1744 in
860 1681 918 1744 die
952 1681 1148 1746 novissimo
1171 1689 1279 1788 rowsiiie
1279 1688 1304 1786 ¹12
1310 1689 1358 1787 iile

159 1789 204 1850 de
228 1787 449 1870 expensione
471 1787 622 1870 impensi
645 1785 818 1869 temporis
839 1786 908 1849 sibi
922 1786 993 1869 ipsi
1008 1785 1150 1870 proficit
1228 1794 1293 1839 nme.

160 1893 202 1954 ad
218 1892 377 1969 salutem,
399 1902 484 1954 tunc
500 1900 650 1974 propter
665 1891 760 1955 illum
777 1891 959 1975 proprium
976 1900 1013 1955 et
1028 1891 1149 1955 utilem

119 1997 301 2060 ¹5modum
337 1996 491 2060 habendi
527 1995 667 2060 redimit
699 1995 768 2059 sibi
799 2005 948 2079 tempus.
988 1996 1150 2060 Redimit

160 2101 248 2182 dico,
265 2101 347 2184 quia
363 2100 522 2165 Christus
540 2101 623 2164 emit
639 2109 779 2184 tempus
798 2100 864 2165 toti
882 2100 1046 2175 ecclesie,
1071 2120 1150 2164 cum

159 2205 262 2269 aliter
292 2226 382 2289 pure
415 2206 618 2270 naturaliter
650 2215 871 2269 numerasset
908 2214 1051 2287 tempus
1087 2207 1148 2268 ho·

159 2309 297 2375 minum
343 2310 417 2375 Sed
444 2310 569 2374 merito
598 2309 727 2374 Christi
759 2311 890 2374 factum
923 2319 978 2374 est
1009 2319 1149 2393 tempus

160 2415 390 2498 acceptabile,
417 2415 499 2498 quia
524 2415 560 2479 in
583 2415 686 2478 brevi
708 2426 869 2497 tempore
892 2416 999 2478 homo
1024 2434 1071 2477 ex
1094 2433 1148 2477 ac·

117 2519 333 2602 ²⁰cepcione
365 2519 487 2583 divina
512 2529 635 2604 potest
660 2518 915 2583 beatitudinem
944 2516 1150 2601 promereri.

160 2622 234 2687 Sed
257 2644 335 2686 cum
358 2624 417 2687 ille
438 2625 499 2707 qui
522 2623 658 2689 creavit
679 2633 715 2688 te
732 2622 808 2686 sine
824 2633 871 2704 te,
895 2642 967 2686 non
983 2622 1150 2685 iustificat

159 2736 196 2791 te
223 2727 367 2800 sinete,
391 2747 543 2792 necesse
564 2729 736 2791 habemus
761 2726 956 2791 doctrinam
979 2725 1150 2808 Apostoli

160 2832 288 2913 Ephes.
304 2832 347 2913 V,
377 2837 500 2912 15-16
528 2834 727 2897 attendere:
758 2833 876 2905 Videte,
909 2831 1031 2913 inquit,
1064 2849 1147 2911 quo·

160 2940 260 3000 modo
274 2943 371 3000 caute
393 2939 582 3017 ambuletis,
597 2939 800 3000 redimentes
819 2941 962 3018 tempus,
984 2936 1148 3016 quoniam

118 3043 233 3105 odies
262 3043 349 3105 mali
378 3047 467 3106 sunt.
508 3039 664 3124 Oportet
693 3040 801 3124 igitur
835 3048 956 3122 preter
987 3039 1149 3122 redemp-

161 3145 299 3208 cionem
327 3147 531 3228 generalem
555 3144 727 3228 temporis
754 3165 821 3226 per
845 3142 1022 3208 Christum
1044 3142 1149 3206 nobis
1167 3150 1187 3195 11
1202 3151 1221 3195 is
1236 3159 1260 3195 ¹0
1276 3151 1357 3246 forefo

1181 3217 1193 3246 u
1209 3204 1248 3247 life
1261 3205 1289 3247 ol
1301 3204 1347 3247 sel

69 3250 131 3321 201)b
160 3258 300 3332 tempus
323 3249 508 3331 redimere,
530 3251 535 3330 Ι
555 3250 651 3332 quod
667 3257 751 3312 tunc
767 3248 962 3311 secundum
977 3246 1149 3330 Augusti·
1190 3255 1327 3311 indulgence

160 3374 241 3417 num
265 3353 421 3435 facimus,
443 3354 585 3437 quando
609 3353 856 3436 temporalium
877 3351 1096 3416 affluenciam
1113 3361 1149 3414 et

160 3457 268 3521 vitam
291 3459 541 3541 voluptuosam
565 3456 858 3540 pretermittimus
882 3457 941 3520 vel
965 3465 1148 3527 mutamus,

119 3570 201 3626 30ut
232 3562 373 3626 Christo
405 3562 563 3626 vivamus
596 3561 783 3645 accepcius
815 3570 852 3625 et
882 3560 986 3624 nobis
1019 3559 1148 3640 utilius,

163 3678 246 3730 tunc
275 3666 366 3730 enim
390 3687 485 3729 novo
503 3668 608 3730 modo
630 3665 785 3730 habendi
809 3664 1020 3748 acquirimus
1045 3662 1149 3727 nobis

162 3781 311 3855 tempus.
334 3771 381 3835 Et
402 3772 596 3834 secundum
613 3769 853 3854 Augustinum
868 3768 1034 3832 iudicium
1056 3766 1149 3830 illius

163 3874 334 3960 episcopi,
358 3895 441 3958 ymo
463 3875 629 3938 iudicium
646 3872 784 3952 Christi,
806 3873 841 3936 in
864 3873 943 3957 ipso
968 3870 1150 3935 sufficeret

161 3982 267 4045 finem
282 3980 464 4063 imponere
476 3979 571 4044 omni
579 3979 641 4045 liti.
656 3979 744 4042 Ideo
762 3977 849 4041 illud
865 3976 1028 4041 iudicium
1041 3977 1150 4039 debet

216 4250 244 4281 ιι.
262 4236 350 4282 Cond:
365 4248 456 4280 terrum
466 4237 549 4294 legem.
606 4247 639 4279 12.
655 4234 727 4278 Cot:
742 4234 886 4277 allocacrler.
943 4232 980 4286 23,
996 4245 1032 4286 24.
1049 4231 1078 4276 B:
1094 4243 1149 4287 qno·

161 4309 230 4352 modo
244 4308 316 4351 deest,

213 4405 245 4444 Da
256 4405 369 4444 Potutata
380 4405 446 4449 l’m.
1015 4396 1043 4447 13
