3008 5026
169 414 237 459 car.
255 403 318 482 xu]
468 419 514 469 DE
532 417 744 470 POTESTATE
762 419 861 470 ΡΑΡΕ.

168 575 251 638 vitis
274 583 413 657 patrum
436 583 476 637 ut
498 575 630 639 sanctis
653 577 844 642 monachis.
873 576 912 642 Si
935 588 1051 641 autem
1074 579 1154 641 talis

167 678 299 760 patitur
330 698 458 762 penam
492 680 549 742 vel
582 680 761 743 defectum
794 681 965 764 corporis,
997 689 1036 745 ut
1067 702 1154 765 sepe

169 783 320 865 contigit
344 784 388 846 de
405 782 545 847 Christo
570 792 606 845 et
629 784 702 849 suis
717 784 901 867 apostolis,
923 786 992 849 hoc
1014 797 1154 850 servata

167 887 349 969 paciencia
363 888 537 950 redundat
552 887 588 950 in
604 889 739 952 lucrum
755 889 878 967 anime,
893 889 976 953 ideo
994 890 1154 956 Christus

141 999 154 1048 5
167 1011 238 1054 non
255 991 399 1056 tradidit
413 992 532 1075 legem
549 995 583 1056 in
598 993 727 1057 talibus
741 993 950 1072 reluctandi,
966 996 1031 1058 sed
1046 994 1153 1059 humi·

166 1095 248 1158 liter
278 1094 424 1160 iniurias
454 1097 629 1180 parciendi,
661 1106 700 1162 ut
732 1106 832 1182 patet
862 1098 959 1162 Luce
983 1100 1054 1163 IX:
1089 1101 1153 1164 sed

166 1199 356 1263 infideliter
365 1200 467 1263 istam
482 1202 599 1284 legem
612 1201 742 1265 Christi
758 1202 1049 1286 contempnimus.
1066 1204 1153 1269 Cum

165 1304 273 1384 igitur
284 1303 429 1367 discolis
440 1324 512 1368 non
525 1305 656 1370 desunt
669 1305 776 1370 hodie
786 1308 1002 1391 temporalia,
1019 1319 1152 1390 quanto

165 1406 277 1489 magis
293 1407 393 1471 Deus
410 1428 480 1471 uon
496 1408 638 1473 deficiet
653 1409 688 1473 in
711 1410 921 1475 necessariis
945 1431 1051 1474 servo
1074 1431 1150 1476 suo,

124 1509 239 1574 roSed
277 1521 422 1593 oportet
459 1513 496 1575 in
533 1514 603 1577 isto
642 1513 792 1578 confuso
830 1514 1016 1578 involucro
1054 1518 1151 1599 quod

165 1613 375 1678 christianus
392 1625 518 1680 caveat
534 1617 578 1680 de
594 1616 723 1700 triplici
737 1617 908 1700 periculo,
924 1619 1037 1700 primo
1053 1622 1151 1702 quod
1190 1616 1242 1662 ”¹⁶
1256 1618 1335 1674 augy

165 1718 313 1782 clericus
352 1719 481 1784 Christi
520 1741 591 1784 non
629 1721 767 1785 ocietur
804 1722 1013 1805 accipiendo
1046 1724 1150 1788 avide
1160 1669 1367 1784 'holllw'ffitffl

164 1822 380 1904 stipendium
403 1824 478 1887 sine
502 1823 713 1903 ministeri0;
746 1826 815 1888 hoc
840 1824 932 1888 enim
956 1829 1151 1892 secundum
1182 1775 1337 1882 mallileiilg.

163 1927 281 2008 legem
297 1927 369 1990 Dei
385 1936 421 1991 et
441 1928 619 1992 homiuum
636 1939 692 1992 est
709 1928 891 2003 iniustum;
915 1950 981 1993 nec
999 1932 1043 1994 ad
1064 1932 1151 1996 illud

122 2031 445 2115 15extinguendum
468 2033 648 2096 ordinatur
672 2033 816 2116 aliquod
839 2033 1052 2118 suffragium.
1087 2036 1151 2101 Se·

164 2139 280 2200 cundo
305 2139 401 2219 quod
424 2138 458 2200 in
483 2157 646 2201 mensura
671 2147 708 2201 et
738 2159 810 2201 non
841 2138 877 2201 in
909 2141 1150 2223 superhabun-

163 2241 287 2304 dancia
324 2242 517 2323 accipiatur
555 2243 600 2306 de
633 2243 716 2306 fimo
755 2245 1013 2326 temporalium,
1050 2246 1150 2311 iuxta

162 2346 358 2409 doctrinam
386 2347 553 2429 Apostoli
576 2347 688 2430 prima
709 2347 832 2431 Thym.
848 2348 911 2425 VI,
935 2353 954 2412 8
981 2351 1147 2434 habentes,
1178 2362 1245 2422 Tne,
1260 2365 1344 2410 anona

161 2450 284 2532 inquit,
316 2453 482 2515 alimenta
514 2457 543 2515 et
575 2454 695 2533 quibus
726 2459 886 2534 tegamur
911 2455 978 2517 hiis
1004 2459 1148 2519 contenti
1166 2423 1302 2514 ”affl
1316 2424 1356 2461 ‘⁰⁰

116 2556 278 2619 zosimus,
316 2554 422 2617 Unde
453 2559 581 2620 beatus
607 2555 859 2638 Crysostomus
892 2577 1001 2640 super
1032 2559 1146 2641 primo

162 2679 237 2740 cap.
261 2660 307 2721 ad
329 2659 496 2723 Hebreos
519 2659 622 2724 Hom.
646 2659 681 2722 II
705 2661 799 2738 dicit,
823 2664 918 2744 quod
940 2664 1148 2728 christianus

158 2764 250 2826 debet
271 2782 393 2844 sapere
416 2765 451 2826 in
470 2766 631 2846 penuria,
654 2784 721 2828 non
747 2767 782 2828 in
815 2768 961 2848 diviciis,
983 2769 1146 2848 quoniam

157 2869 216 2948 qui
251 2868 288 2930 in
321 2869 447 2949 paucis
479 2874 588 2950 potest
617 2871 739 2947 vivere,
775 2889 812 2933 eo
844 2873 902 2951 qui
943 2890 1009 2934 non
1036 2878 1146 2954 potest

157 2974 263 3035 multo
295 2974 411 3036 maior
442 2979 472 3037 et
495 2976 618 3037 melior
648 2980 705 3040 est.
738 2973 789 3037 Ut
816 2973 846 3037 si
870 2984 1075 3040 vocatorum
1100 2978 1145 3040 ad

112 3090 145 3141 25
158 3079 311 3159 regalem
360 3077 533 3140 civitatem
569 3077 616 3140 hii
652 3098 719 3141 nec
752 3077 997 3161 subiugalibus
1035 3090 1144 3163 egent

64 3194 128 3247 250·
155 3200 221 3243 uec
244 3181 382 3245 famulis
404 3201 471 3245 nec
494 3182 608 3263 palliis
630 3202 697 3246 nec
721 3184 765 3245 de
782 3181 785 3267 l
802 3182 969 3247 versoriis
986 3204 1053 3248 nec
1078 3188 1143 3249 cal·

154 3285 237 3369 ligis
260 3306 326 3350 nec
343 3286 447 3364 vasis,
472 3287 537 3349 sed
552 3287 704 3350 sufficiat
727 3287 779 3350 eis
801 3307 928 3370 panem
950 3289 1082 3353 habere
1107 3300 1144 3356 et

157 3411 203 3453 ex
226 3390 385 3454 fontibus
409 3410 531 3474 aquam
555 3390 732 3474 accipere:
756 3391 806 3454 illi
829 3411 915 3455 vero
939 3393 1061 3456 dicunt
1076 3395 1144 3458 nisi

155 3494 329 3577 vehicula,
364 3504 555 3560 stramenta
582 3496 709 3575 mollia,
736 3517 954 3560 numerosam
977 3497 1142 3562 familiam

112 3613 144 3663 30
154 3600 356 3677 habeamus,
379 3620 450 3663 non
467 3619 666 3682 possumus,
691 3609 727 3664 et
749 3600 863 3663 adhuc
885 3601 1040 3664 remissis
1063 3605 1142 3666 bre·

154 3705 259 3767 vibus
277 3713 314 3767 et
333 3704 555 3787 interpolatis
571 3706 745 3787 passibus,
763 3705 940 3769 civitatem
956 3706 1141 3788 attingere.

155 3807 193 3872 Si
216 3810 363 3893 insuper
386 3811 467 3872 dum
497 3809 676 3874 civitatem
705 3810 896 3895 attigerint,
925 3810 995 3875 sint
1018 3831 1140 3876 secun·
1199 3866 1202 3875 ,

154 3914 236 3976 dum
271 3913 486 3979 celeritatem
525 3923 563 3979 et
589 3914 861 3998 expedicionem
889 3918 932 3978 ad
962 3915 1139 3981 civitatem

207 4152 240 4197 r8.
256 4154 332 4197 Codd.
347 4154 370 4197 in
386 4166 472 4209 marra:
492 4154 566 4199 Victus
576 4157 686 4210 parcitas
699 4160 722 4200 et
733 4158 837 4209 sumptus
851 4157 894 4209 (Az
908 4157 1033 4201 secundum
1048 4158 1138 4201 beatum

154 4222 347 4278 Critogonumlr.
403 4236 437 4268 ιι.
452 4225 541 4270 Cocta:
555 4224 646 4270 Moralr'
658 4224 686 4269 11.
753 4226 789 4270 26.
806 4225 896 4270 codd:
912 4225 1067 4270 Diverrionr'r.

205 4363 246 4399 rr.
265 4348 335 4413 Opp.
355 4357 418 4400 tom.
436 4349 489 4412 Xll,
509 4349 550 4402 26.
