3008 5026
647 384 816 433 tonsurus
836 383 974 431 wrcen
1156 362 1242 452 [cru.
1263 379 1311 423 xu

320 542 507 625 privilegia
536 551 571 604 et
599 540 793 616 libertates,
822 559 908 621 quas
938 539 1098 602 Christus
1127 538 1312 602 concessit

320 647 482 721 ecclesie,
503 645 507 729 Ι
527 654 566 708 ut
588 653 688 726 patet
711 646 791 706 Act.
814 642 897 719 XV,
923 643 974 705 sic
998 645 1096 725 quod
1118 653 1310 727 peccatum
1342 654 1394 705 256·

320 749 616 812 antichristianum
641 747 733 810 foret
756 747 954 810 libertatem
983 747 1073 808 illam
1097 749 1228 809 tollere
1252 747 1311 808 vel

318 854 446 916 limites
470 853 505 915 in
529 854 639 914 altero
665 860 827 913 extremo
845 851 1033 916 excedere.
1057 850 1145 913 Ideo
1163 858 1310 933 oportet

319 959 459 1020 fidelem
494 957 615 1019 videre
648 955 841 1018 secundum
866 956 982 1039 legem
1021 954 1209 1038 scripture,
1249 969 1333 1020 ert-5

319 1063 503 1145 primendo
536 1062 595 1122 vel
618 1062 769 1123 tacendo
802 1060 853 1121 sic
881 1059 1022 1138 licitum,
1050 1069 1088 1122 et
1109 1060 1309 1142 procedere

320 1168 512 1230 secundum
530 1165 725 1229 doctrinam
741 1164 843 1227 huius
860 1164 1073 1246 exemplaris
1092 1164 1309 1247 generaliter

321 1282 356 1335 et
379 1273 536 1336 licenter.
558 1270 663 1332 Unde
686 1290 779 1353 pene
803 1278 840 1332 et
863 1268 1173 1351 dispensacionum
1196 1290 1307 1332 reser-

320 1377 487 1440 vaciones
511 1375 587 1439 sive
609 1374 759 1437 liceneie
791 1374 892 1437 nimis
925 1385 1098 1438 excecant
1124 1375 1308 1458 populum,

321 1481 412 1544 sicut
435 1479 558 1555 dicam,
587 1478 616 1541 si
639 1479 740 1540 Deus
763 1477 927 1557 voluerit,
956 1477 991 1539 in
1019 1478 1164 1540 materia
1187 1479 1233 1540 de
1257 1497 1307 1540 sa·
1321 1505 1348 1538 ιο

322 1583 517 1648 eramentis.
534 1582 673 1646 Dicitur
686 1582 778 1644 enim
789 1583 885 1664 quod
903 1582 1071 1645 sacerdos
1087 1582 1308 1645 benedicens

321 1690 357 1752 in
389 1687 554 1751 secundis
582 1687 720 1769 nupciis
747 1687 878 1749 nedum
906 1686 1145 1769 suspenditur,
1178 1688 1309 1749 sedeo

321 1794 401 1875 ipso
430 1791 722 1873 irregularitatem
744 1791 900 1873 incurrit,
929 1792 994 1854 sed
1022 1790 1185 1854 faciendo
1214 1791 1308 1853 mille

124 1930 255 1973 omen„
270 1936 293 1972 ,ο
323 1897 551 1960 enormitates
573 1897 653 1959 Deo
687 1896 838 1959 odibiles
870 1896 998 1958 nedum
1030 1904 1219 1978 reputatur
1250 1895 1309 1957 im·

125 1981 292 2089 lissssiyffiffl
322 2003 445 2079 muniS,
478 2001 541 2063 sed
574 2020 640 2083 pro
672 2001 824 2083 pecunia
858 2001 1088 2077 collaudatum
1121 2009 1159 2062 et
1182 1999 1350 2062 funda-15

116 2086 298 2193 ,-,}l¹,‡,{,⁶,⁸,¹„2{,
322 2115 477 2169 mentum
500 2105 536 2169 in
558 2106 625 2169 hiis
649 2106 811 2169 omnibus
836 2116 892 2171 est
912 2106 996 2168 ficta
1014 2104 1235 2181 obediencia,
1259 2103 1310 2168 sic

323 2212 420 2294 quod
443 2231 514 2274 non
531 2210 624 2273 foret
639 2220 709 2273 tam
725 2230 836 2292 grave
853 2210 1101 2273 benedicendo
1117 2210 1310 2292 implorare

323 2336 431 2397 super
462 2315 560 2397 prius
592 2315 713 2397 nuptis
745 2314 897 2377 divinam
928 2315 1092 2399 graciam,
1126 2312 1195 2377 nisi
1228 2311 1312 2395 quia

321 2421 424 2501 leges
447 2422 594 2500 papales
623 2418 826 2501 precipiunt
855 2420 952 2501 quod
980 2440 1052 2481 non
1078 2418 1149 2482 fiat.
1181 2417 1310 2479 Inobe·

323 2523 468 2599 diencia,
506 2523 679 2605 inquiunt,
718 2524 810 2586 facta
843 2523 984 2587 statutis
1017 2523 1215 2606 papalibus,
1256 2529 1353 2583 estro

323 2625 530 2710 gravissime
563 2626 753 2709 punienda,
787 2637 823 2691 et
856 2628 907 2690 sic
932 2627 1091 2690 Christus
1120 2646 1198 2689 cum
1226 2625 1312 2706 lege

324 2752 386 2793 sua
401 2731 636 2814 postponitur.
661 2729 721 2795 Sic
739 2730 830 2793 enim
846 2752 939 2814 papa
955 2740 1081 2814 posset
1095 2730 1131 2793 in
1147 2729 1311 2793 tollendo

324 2836 380 2897 vel
409 2834 650 2897 difficultando
683 2837 800 2916 legem
829 2834 958 2899 Christi
986 2837 1179 2898 decernere
1212 2835 1311 2916 quod

324 2941 438 3000 nullus
462 2938 671 3001 christianus
693 2939 789 3001 licite
814 2939 920 3002 faciat
943 2939 1085 3022 aliquod
1106 2958 1198 3021 opus
1222 2957 1312 3000 neu·

325 3052 425 3119 trum,
454 3042 521 3105 nisi
545 3044 642 3125 quod
664 3043 745 3125 ipse
768 3044 948 3126 posterius
972 3043 1205 3126 approbando
1229 3041 1354 3105 rati-25

324 3147 414 3225 ficat,
446 3156 483 3209 et
506 3158 769 3230 consequenter
793 3148 954 3211 ordinare
977 3157 1135 3231 satrapas
1158 3166 1243 3210 suos
1268 3147 1313 3209 ad

326 3250 501 3312 citandum
526 3271 770 3333 quoscumque
795 3272 1000 3334 comparere
1016 3269 1256 3334 responsuros
1275 3249 1313 3312 in

325 3374 389 3416 suo
405 3354 545 3433 iudici0,
570 3376 647 3418 cum
664 3357 782 3438 legem
800 3356 1013 3419 consimilem
1031 3354 1169 3417 ordinat
1184 3353 1313 3418 Ihesus

325 3467 456 3536 noster,
489 3469 528 3521 ut
561 3460 681 3522 dicunt
709 3460 911 3541 parificatur
934 3458 1074 3523 Christo
1096 3457 1313 3537 humanitus;

109 3612 219 3667 wamy
234 3611 310 3654 ΜΝ
325 3562 375 3624 sic
404 3563 494 3625 enim
522 3574 673 3645 possent
700 3565 744 3625 ad
768 3573 889 3627 votum
913 3583 1045 3627 vexare
1075 3572 1112 3626 et
1138 3563 1313 3627 mulctare
1326 3575 1357 3626 30

169 3676 248 3719 “w“-
324 3669 507 3748 populum,
535 3678 573 3730 ut
595 3667 727 3731 faciunt
750 3667 785 3730 in
808 3669 1108 3747 absolucionibus,
1134 3666 1171 3730 in
1197 3687 1313 3731 reser-

324 3771 532 3835 vacionibus
553 3781 589 3834 et
605 3772 640 3834 in
657 3771 998 3854 dispensacionibuS,
1023 3783 1069 3853 et,
1085 3781 1126 3835 ut
1141 3772 1313 3849 creditur,

325 3875 558 3957 practizarent
589 3878 656 3939 hec
689 3878 847 3959 amplius,
879 3876 947 3940 nisi
978 3876 1061 3959 quia
1088 3876 1213 3940 timent
1243 3876 1314 3940 sibi

381 4184 399 4213 u.
417 4170 445 4213 ll:
464 4169 527 4225 quod
541 4169 612 4212 deest.

377 4322 417 4376 27.
437 4312 537 4361 Citecio
556 4312 669 4361 auctoris
689 4311 820 4362 alluditur.
