3008 5026
648 379 817 430 Jornuuis
836 377 974 428 wrcen
1161 355 1246 436 [car.
1269 365 1316 410 m,

323 537 485 617 apciores
519 538 562 599 ad
590 536 862 599 discernendum
890 535 1074 597 veritatem
1105 531 1316 595 catholicam

323 660 428 721 quam
453 660 546 722 papa
569 660 743 704 cesareus.
767 640 812 702 Et
837 640 865 703 si
891 639 1019 702 dicitur
1042 638 1140 720 quod
1165 635 1315 698 auctori·

323 754 395 806 tate
420 745 474 806 sui
498 746 632 806 debent
655 745 773 809 vocati
791 744 969 816 decidere,
994 763 1072 805 cum
1098 743 1198 804 solus
1221 760 1316 822 papa

322 859 446 930 potest
462 851 638 931 synodum
650 869 884 931 congregare,
902 848 996 930 picta
1013 856 1049 909 et
1064 846 1146 909 ficta
1163 844 1315 908 tradicio

322 953 531 1023 balbutitur;
548 974 626 1015 nam
643 953 853 1017 auctoritate
870 951 963 1015 illius
979 954 1088 1014 debet
1104 950 1340 1021 christianus5

323 1058 367 1118 ad
391 1057 658 1121 edificacionem
683 1059 834 1120 ecclesie
867 1057 1029 1139 proferre
1051 1055 1269 1117 sentenciam
1294 1074 1315 1115 a

324 1182 394 1243 quo
419 1163 513 1244 capit
537 1162 740 1236 scienciam
765 1164 862 1245 quod
887 1172 941 1224 est
961 1181 1055 1243 pape
1071 1159 1313 1242 impertinens

325 1287 401 1327 cuin
435 1267 660 1347 singulariter
691 1267 729 1329 fit
762 1287 781 1328 a
808 1267 904 1342 De0;
927 1266 930 1348 l
952 1266 1062 1329 debet
1096 1265 1205 1348 igitur
1236 1262 1313 1325 fieri
1342 1282 1396 1346 ρᾶς·

324 1372 484 1452 synodus
518 1392 564 1432 ex
597 1371 757 1433 mocione
791 1371 909 1433 divina
942 1391 1120 1433 consensu
1150 1367 1313 1432 unanimi.

323 1476 381 1536 Ad
407 1496 510 1556 quem
535 1496 746 1538 consensum
772 1477 881 1538 debet
905 1496 1000 1557 papa
1023 1473 1195 1557 precipue
1218 1474 1356 1539 labo-1«.

323 1600 400 1641 rare
435 1593 470 1641 et
499 1580 533 1641 in
563 1580 706 1642 defectu
736 1580 789 1642 sui
818 1580 905 1642 alius
934 1580 1048 1642 fidelis
1078 1578 1242 1658 ecclesie,
1276 1586 1314 1639 ut

325 1704 424 1745 cesar
447 1686 503 1745 vel
530 1685 616 1746 alius
641 1685 750 1768 magis
772 1686 944 1766 ydoneus.
967 1684 1072 1747 Unde
1091 1684 1199 1746 credo
1218 1683 1314 1764 quod

325 1789 416 1850 iacta
444 1790 585 1870 synodo
614 1792 656 1851 ad
682 1790 954 1851 discernendum
979 1788 1064 1870 quid
1093 1797 1149 1851 est
1177 1799 1314 1850 natura·

324 1895 404 1955 liter
427 1894 543 1955 hostia
568 1906 776 1955 consecrata
800 1894 988 1956 Robertus
1012 1906 1048 1955 et
1071 1891 1170 1954 multi
1187 1891 1316 1974 prelati

325 1999 460 2060 cesarei
492 1999 694 2079 proferrent
727 1999 811 2060 satis
845 2001 972 2061 nudam
1001 1996 1219 2060 sentenciam
1247 2013 1358 2064 necis

326 2105 544 2164 excederent
567 2103 601 2164 in
626 2102 787 2165 diceione
812 2103 1057 2185 procuratoria
1082 2121 1239 2164 cesarem
1258 2101 1316 2162 vel

326 2207 518 2288 simplicem
544 2207 708 2289 ydiotam.
749 2208 818 2269 Alii
844 2218 960 2269 autem
990 2207 1112 2268 dicunt
1136 2206 1235 2288 quod
1261 2213 1317 2267 est

326 2312 511 2392 quantitas,
544 2313 600 2374 alii
625 2332 711 2374 vero
741 2313 838 2393 quod
867 2324 921 2374 est
950 2311 1109 2393 qualitas
1147 2319 1183 2372 et
1215 2309 1319 2372 tercii

326 2418 423 2496 quod
448 2427 503 2477 est
524 2417 626 2497 panis
659 2426 695 2478 et
722 2417 772 2478 sic
800 2418 843 2478 de
870 2416 944 2479 aliis
969 2416 1075 2478 variis
1113 2414 1320 2491 sentenciis,

326 2541 412 2601 quas
436 2542 505 2581 non
531 2524 692 2603 probant.
717 2522 804 2582 ideo
830 2542 949 2582 sanum
967 2520 1109 2582 videtur
1127 2520 1254 2581 fideles
1279 2541 1365 2582 seso

326 2638 448 2686 tenere
472 2625 507 2685 in
531 2625 699 2686 limitibus
724 2645 814 2706 quos
839 2627 899 2686 lex
922 2625 1050 2687 Christi
1077 2625 1206 2687 edocet
1230 2624 1318 2686 etin

327 2729 403 2790 aliis
429 2729 693 2791 curiositatibus
718 2750 787 2791 non
806 2730 972 2790 inusitare
996 2731 1054 2791 vel
1080 2729 1160 2810 plus
1187 2748 1319 2809 sapere

328 2854 429 2914 quani
455 2843 614 2914 oportet;
640 2834 771 2896 sufficit
795 2834 886 2894 enini
911 2834 1000 2895 tides
1018 2834 1193 2915 scripture
1211 2833 1318 2894 certi·

330 2940 432 2999 licare
464 2940 580 3019 quoad
614 2939 728 3000 omnia
761 2939 902 3019 agibilia
931 2941 987 2999 vel
1019 2937 1210 3001 credibilia.
1246 2958 1318 3019 que

327 3062 477 3104 necesse
511 3055 566 3104 est
598 3043 737 3104 viantes
771 3062 1001 3122 cognoscere.
1044 3043 1101 3103 De
1133 3052 1211 3103 toto
1247 3043 1364 3107 isto25

327 3155 427 3228 patet
451 3146 578 3208 diffuse
603 3147 684 3208 alibi
709 3157 745 3208 et
770 3157 897 3209 cetera.

110 3264 302 3307 Twelveubusvs
370 3253 526 3313 Possunt
563 3260 679 3313 mitem
720 3252 909 3313 abusiones
943 3251 1096 3313 Romani
1135 3252 1320 3333 pontificis

130 3325 152 3411 'i'
166 3318 251 3411 llil?
270 3329 296 3410 ‘a
326 3356 448 3418 reduci
474 3358 516 3417 ad
542 3377 721 3418 numerum
748 3358 944 3436 duodecim,
972 3366 1010 3419 ut
1035 3357 1100 3418 alie
1123 3355 1320 3418 abusiones

159 3423 266 3465 aecana.
328 3461 560 3523 communiter
583 3463 806 3525 reducuntur.
831 3461 949 3522 Prima
964 3462 1060 3542 quod
1084 3459 1256 3522 institutis
1275 3463 1319 3523 ad

326 3570 393 3629 hoc
419 3565 653 3628 cardinalibus
674 3566 826 3628 dimissis
850 3565 1052 3629 ministeriis
1068 3585 1137 3647 que
1154 3564 1320 3628 Christus
1333 3578 1367 3629 30

326 3670 487 3748 instituit,
505 3670 638 3750 eligant
654 3690 759 3731 unuin
777 3678 897 3751 caput,
908 3690 1012 3751 quem
1025 3690 1071 3731 ex
1086 3668 1319 3732 institucione

328 3795 470 3836 cesarea
495 3794 620 3855 papam
643 3784 784 3838 vocant.
807 3775 887 3835 lloc
904 3776 1033 3836 nedum
1051 3782 1148 3836 caret
1164 3775 1319 3837 auctori·

327 3889 400 3941 tate
425 3878 609 3960 scripture,
635 3879 697 3938 sed
720 3880 858 3940 uidetur
884 3878 1048 3940 societati
1071 3878 1320 3959 apostolorum

328 3995 365 4046 et
381 3983 550 4045 eleccioni
562 3982 694 4044 ltlathie
705 3983 931 4064 singulariter
946 3983 1039 4045 lacte
1050 3981 1320 4064 perDominum

327 4109 541 4170 repugnare.
1334 4099 1367 4149 35

381 4271 412 4315 ¹9·
428 4259 515 4303 (indat
532 4261 561 4302 dc
575 4262 759 4304 antidotariis.
816 4271 853 4314 ες.
869 4261 935 4302 toul
962 4261 984 4303 iu
1001 4271 1087 4314 marg:
1104 4258 1233 4302 Atintanes
1246 4271 1321 4316 pape.

329 4341 366 4386 29.
383 4329 458 4372 Com,
475 4333 497 4372 in
515 4337 628 4384 marne}
