3008 5026
180 405 248 451 can.
264 393 338 474 vm]
477 411 521 461 os
542 408 752 463 eorssrnrs
772 413 870 465 enas.
1328 405 1384 481 ¹85

221 565 347 648 Itaque
362 564 452 629 infra
467 586 725 651 quemcumque
742 569 981 633 centenarium
997 590 1167 634 annorum
1225 585 1250 631 ln
1265 600 1334 685 everp

178 692 199 732 a
221 676 383 755 tempore
412 671 609 736 dotacionis
633 674 785 738 ecclesie
809 673 902 737 facta
931 684 986 739 est
1013 676 1168 737 notanda
1197 647 1372 790 cetffiffivipiavii

180 775 369 840 contencio
402 775 495 839 inter
526 795 646 860 papas.
695 776 768 842 Sed
800 778 929 843 abhinc
962 799 1008 842 ex
1046 797 1167 861 super·
1192 796 1370 854 aeenquarreu

178 880 396 944 habundanti
428 882 564 944 cautela
596 881 741 964 dyaboli
771 885 853 966 plus
886 890 1007 947 cecata
1031 892 1087 946 est
1108 882 1167 946 ini·
1220 850 1346 957 p‘iieiim.

155 985 295 1068 §quitas
311 985 531 1068 Antichristi,
554 1005 633 1049 cum
656 995 771 1050 autem
796 988 950 1070 apostoli
970 989 1170 1051 habuerunt

179 1090 357 1173 planiores
394 1089 640 1154 revelaciones
678 1110 781 1173 quam
819 1094 997 1175 prophete
1035 1091 1169 1155 veteris

179 1195 382 1260 testamenti
415 1204 452 1260 et
483 1195 648 1259 maiorem
680 1198 792 1260 zelum
823 1199 978 1260 habeant
1011 1197 1055 1260 ad
1088 1215 1168 1279 pro·

180 1298 312 1363 fectum
341 1300 503 1381 ecclesie,
534 1301 714 1365 nonlicet
737 1301 943 1365 discredere
980 1300 1064 1383 quin
1087 1320 1168 1384 pro·

178 1405 413 1488 phetaverant
434 1407 501 1470 hos
525 1415 677 1470 eventus
699 1406 892 1491 precipuos
916 1414 955 1469 ut
974 1405 1169 1489 periculum

137 1509 404 1589 10infidelitatis,
435 1510 485 1573 ita
517 1518 555 1574 ut
595 1519 729 1575 tractus
771 1512 816 1574 ad
854 1510 990 1575 inferos
1027 1509 1169 1574 caucius

180 1623 354 1691 caveatur,
377 1613 462 1696 quin
477 1613 621 1678 indubie
639 1614 786 1678 istorum
800 1613 1085 1677 antichristorum
1102 1613 1168 1676 dis·

179 1720 298 1784 sensio
323 1718 409 1782 dicit
431 1725 606 1802 patenter,
629 1718 660 1782 si
678 1719 827 1782 velimus
852 1719 1047 1798 attendere,
1072 1718 1169 1800 quod

177 1826 309 1907 gradus
342 1832 379 1886 et
409 1822 483 1885 vita
515 1843 637 1886 eorum
670 1824 884 1906 discordant,
918 1831 955 1886 et
978 1823 1170 1906 displicent

178 1929 251 1992 suis
279 1928 470 1992 autoribus.
509 1927 555 1990 Et
583 1947 688 1992 causa
716 1928 946 1993 dissensionis
975 1936 1031 1991 est
1052 1930 1168 1990 honor
1182 1946 1243 1990 Tus
1257 1947 1322 1991 nne
1338 1949 1379 1991 nn

137 2035 374 2101 rsmundanus
406 2035 464 2096 vel
496 2033 627 2116 globus
659 2033 916 2117 temporalium,
954 2032 1036 2115 quia
1069 2032 1169 2096 aliter
1204 1999 1321 2095 iiiinioui
1332 2007 1360 2095 <ii

178 2158 249 2200 non
272 2137 368 2201 foret
390 2137 494 2200 facile
517 2137 668 2221 fingere,
692 2137 787 2202 unde
811 2137 1063 2201 dissenciendo
1087 2156 1167 2200 con·
1229 2105 1328 2147 mm

177 2243 326 2305 tendant
356 2240 484 2324 pocius
517 2241 609 2304 circa
641 2241 728 2305 illud
761 2240 916 2305 officium
949 2249 1035 2324 post
1069 2242 1166 2305 dota·

178 2345 316 2409 cionem
341 2345 491 2410 ecclesie
515 2366 619 2428 quarn
642 2355 802 2429 perante.

221 2449 277 2512 Ex
311 2449 440 2532 quibus
474 2458 513 2513 ut
545 2470 652 2534 supra
684 2451 816 2533 colligo
855 2460 1029 2534 tamquam
1060 2449 1166 2514 michi
1198 2451 1252 2547 {guig
1263 2454 1364 2547 313⁰sz

135 2589 168 2621 20
178 2555 375 2637 probabile,
392 2555 489 2638 quod
506 2554 667 2620 Christus
683 2575 839 2619 summus
855 2558 1032 2639 propheta
1041 2555 1165 2621 Matth.
1204 2559 1323 2613 ⁹¹⁰v²¹⁸⁶t
1337 2557 1364 2599 ⁰s

178 2659 318 2739 XXIV,
342 2680 359 2738 5
385 2659 518 2741 dicens,
551 2661 648 2743 quod
679 2662 780 2725 multi
811 2663 941 2725 veniant
972 2662 1007 2723 in
1030 2660 1168 2723 nomine
1216 2608 1345 2704 wigii-'⁸¹

176 2784 248 2844 suo,
276 2764 422 2828 dicentes
447 2784 483 2829 se
510 2784 580 2829 esse
605 2764 770 2843 Christus,
797 2770 827 2829 et
855 2766 979 2829 multos
1001 2767 1167 2842 seducant,

177 2868 345 2952 intelligit
367 2869 412 2932 de
432 2868 607 2932 Romanis
630 2869 861 2952 pontificibus
885 2868 1056 2932 blasfeme
1073 2889 1166 2931 men·

179 2972 365 3055 cientibus,
392 2974 491 3056 quod
519 2982 601 3036 sunt
628 2974 704 3037 eius
728 2972 860 3056 vicarii,
885 2994 976 3056 quos
999 2972 1169 3037 autorizat

136 3079 221 3145 25ad
244 3077 361 3141 taliter
384 3078 641 3143 dominandum.
664 3080 711 3142 Et
734 3078 785 3143 sic
808 3081 949 3142 videtur
968 3077 1073 3142 michi
1088 3097 1167 3161 pro·

177 3182 296 3246 babile
324 3183 420 3265 quod
455 3183 550 3247 idem
574 3183 619 3247 sit
647 3203 774 3247 sensus
803 3183 974 3267 Apostoli
997 3183 1041 3249 ΙΙ.
1066 3185 1167 3248 Tess.

178 3287 223 3371 II,
247 3310 276 3369 3,
303 3319 323 3368 4
357 3290 417 3353 ubi
447 3291 651 3373 prophetat,
684 3289 783 3371 quod
813 3295 891 3353 ante
922 3289 1015 3352 diem
1046 3289 1168 3352 iudicii

177 3399 315 3475 oportet,
338 3394 427 3474 quod
449 3395 562 3457 veniat
584 3395 749 3457 dissensio
770 3394 929 3474 primum
952 3398 982 3457 et
1004 3395 1169 3457 reveletur

176 3501 275 3562 homo
311 3499 450 3580 peccati,
487 3500 546 3579 qui
583 3500 755 3561 extollitur
790 3516 895 3579 super
931 3517 1031 3563 omne
1079 3499 1169 3578 quod

136 3618 168 3667 30
177 3602 304 3666 dicitur
326 3602 429 3666 Deus.
456 3600 531 3666 Sed
553 3602 666 3666 tercio
690 3602 832 3665 videtur
853 3602 958 3665 michi
981 3601 1168 3685 probabile

177 3708 274 3789 quod
298 3710 471 3771 debemus
495 3709 611 3790 quoad
637 3709 706 3771 hoc
733 3707 833 3771 inniti
857 3706 986 3771 Christi
1011 3707 1168 3788 consilio,

177 3813 274 3894 quod
296 3812 389 3876 facta
411 3813 472 3876 tali
495 3811 670 3875 divisione
698 3811 766 3876 iam
789 3813 916 3876 diebus
940 3811 1071 3875 nostris
1095 3811 1167 3893 qui·

177 3917 326 3980 busdam
349 3916 564 3980 dicentibus:
588 3916 672 3981 Ecca
693 3917 746 3980 hic
761 3915 929 3980 Aninione
948 3921 996 3981 est
1014 3911 1169 3983 Christus

178 4031 214 4084 et
236 4022 311 4086 aliis
335 4021 545 4099 dicentibus,
578 4023 679 4086 nolite
710 4022 856 4093 credere,
890 4021 970 4103 quia
997 4017 1165 4107 indubie}

232 4258 265 4290 ιο.
281 4246 370 4291 codd:
387 4248 421 4291 ita
437 4253 466 4291 et.
523 4244 560 4290 28.
575 4245 694 4290 Ducenio
708 4247 732 4289 ἐκ
744 4211 854 4303 'Vulgare

232 4349 273 4404 25.
294 4340 365 4390 Huss
385 4335 456 4389 220⁸.
