3008 5026
648 397 817 449 JOHANNIS
837 396 977 446 wicht?
1153 378 1240 461 [cac.
1261 391 1312 436 xu.

323 556 387 621 Dei
409 558 532 638 sedeat,
555 562 733 637 tamquam
757 557 830 636 ipse
857 555 901 617 sit
928 555 1091 634 templum
1119 552 1195 627 Dei,
1222 555 1316 634 quod

322 665 370 723 est
385 661 531 723 ecclesia.
549 658 643 723 Sicut
658 661 807 723 dicimus
816 658 957 721 Petrum
972 659 1088 721 sedere
1103 658 1139 720 in
1156 658 1314 721 amicum

323 765 362 827 id
385 769 431 827 est
454 766 541 827 velut
564 764 707 828 amicus.

369 867 535 933 Secundo
567 888 655 931 vero
690 867 840 950 exponit
875 865 1081 948 sequencia:
1121 864 1190 930 Sed
1226 883 1316 928 nunc

324 973 406 1054 quid
428 973 699 1053 detineatscitis,
733 991 778 1033 ne
803 971 915 1033 adhuc
938 969 1059 1033 veniat
1080 969 1139 1032 ille
1162 979 1342 1051 magnust

324 1076 575 1151 Antichristus,
606 1076 688 1158 quia
710 1083 854 1157 oportet
878 1074 1062 1137 ecclesiam
1085 1094 1209 1156 parum
1232 1093 1317 1156 pro·

325 1180 463 1243 fundari
486 1180 521 1243 in
537 1181 618 1260 fide,
641 1200 708 1243 nec
733 1180 776 1242 ad
792 1199 960 1243 coronam
981 1178 1056 1242 eius
1072 1177 1317 1242 Antichristus

326 1287 507 1348 reveletur
537 1285 573 1347 in
601 1304 666 1347 suo
689 1292 862 1366 tempore.
901 1283 978 1345 Iam
1002 1285 1094 1347 enim
1119 1283 1318 1346 misterium

327 1390 517 1469 iniquitatis
552 1394 716 1470 operatur
747 1386 986 1451 Antichristus
1023 1387 1130 1450 tacite
1167 1387 1203 1449 in
1243 1386 1319 1450 suis

327 1493 504 1566 membris,
520 1503 561 1556 ut
576 1493 662 1556 dicit
677 1492 907 1574 evangelista,
924 1501 964 1555 ut
979 1490 1093 1554 fidelis
1105 1490 1319 1555 christianus
1334 1516 1364 1550 ιο

327 1599 461 1660 habens
498 1596 626 1659 iudicia
664 1595 718 1659 sui
757 1595 947 1678 exercitus,
987 1595 1045 1678 qui
1078 1605 1178 1659 tenet
1210 1595 1319 1658 fidem

330 1701 491 1778 ecclesie,
530 1721 625 1765 nunc
662 1710 784 1764 teneat
806 1701 841 1762 in
865 1699 1040 1783 principio
1069 1700 1161 1762 illam
1200 1700 1320 1778 fidem,

330 1807 446 1869 donec
462 1805 521 1868 fiat
536 1805 714 1868 revelacio
733 1805 777 1867 de
794 1804 911 1867 medio
928 1823 992 1867 sue
1002 1803 1147 1869 malicie.
1157 1803 1321 1867 Victoria

330 1910 422 1973 enim
459 1909 495 1972 in
532 1909 618 1973 belli
655 1909 760 1973 inicio
800 1909 986 1973 confundit
1025 1908 1249 1972 adversarios
1284 1916 1322 1971 et

331 2014 458 2077 animat
488 2023 751 2097 expugnantem
785 2013 820 2076 in
844 2014 961 2077 medio
995 2013 1086 2076 enim
1117 2013 1211 2076 illius
1235 2022 1364 2075 con-15

332 2116 544 2182 certacionis
566 2117 689 2180 veniet
715 2137 806 2180 unus
831 2117 991 2200 capitalis
1019 2117 1204 2201 malignus,
1236 2116 1323 2180 licet

332 2233 419 2308 post
450 2232 487 2285 et
517 2230 620 2285 antea
652 2232 757 2285 erunt
778 2223 859 2285 mali
883 2222 991 2285 eciam
1021 2241 1134 2304 usque
1159 2223 1203 2284 ad
1227 2221 1323 2284 diem

331 2327 461 2401 iudicii,
493 2335 532 2389 ut
563 2335 665 2408 patet
687 2325 815 2389 Daniel
838 2325 905 2390 IX.
943 2325 1048 2389 Unde
1077 2324 1160 2408 quia
1192 2345 1324 2389 sensus

333 2431 502 2514 Apostoli
518 2440 573 2493 est
585 2432 731 2493 multum
748 2430 988 2505 absconditus,
1012 2450 1083 2492 non
1094 2429 1326 2494 confunditur

332 2542 400 2600 iste
424 2546 567 2600 sanctus
589 2536 724 2598 dicere:
748 2536 820 2616 Ego
831 2554 981 2617 prorsus
995 2536 1079 2616 quid
1100 2531 1249 2621 dixerit}
1270 2554 1326 2599 me
1354 2545 1410 2605 242‘

333 2643 452 2723 fateor
469 2642 639 2722 ignorare.
663 2639 709 2703 Et
731 2638 914 2703 recitando
937 2647 1011 2703 tres
1031 2639 1220 2722 opiniones
1238 2639 1326 2705 dicit

334 2745 455 2829 prima,
489 2745 586 2826 quod
610 2743 789 2806 Neronem
816 2743 961 2807 vocavit
983 2744 1183 2826 Apostolus
1216 2745 1325 2809 tacite

335 2848 600 2923 Antichristum,
617 2849 772 2910 secunda
789 2868 892 2930 quam
902 2848 1126 2929 Augustinus
1137 2851 1325 2932 approbat,

336 2954 421 3017 dicit
452 2955 544 3016 hunc
577 2973 657 3016 esse
686 2972 828 3014 sensum
851 2952 1027 3034 Apostoli,
1059 2954 1118 3034 qui
1147 2959 1233 3017 tenet
1259 2956 1326 3018 im·

330 3059 481 3141 periurrr,
506 3062 624 3136 teneat,
646 3050 751 3120 donee
773 3059 913 3120 tollatur
934 3058 1118 3134 demedio,
1143 3056 1225 3139 quia
1239 3064 1368 3140 post25

337 3162 559 3225 dotacionem
585 3160 737 3224 ecclesie
760 3161 975 3224 revelabitur
997 3161 1250 3225 Antichristus.
1279 3163 1327 3227 Et

337 3267 447 3331 tercia
471 3265 652 3329 sentencia
676 3275 731 3329 est
754 3265 963 3348 supradicta.

193 3385 253 3428 How
381 3370 508 3433 Tercio
524 3390 611 3433 vero
630 3369 868 3452 prosequitur,
891 3372 1070 3452 quomodo
1085 3370 1328 3435 Antichristus

120 3437 251 3482 Antichrisr
266 3436 286 3480 is
300 3443 324 3478 to

166 3489 285 3586 inefflappp
341 3476 490 3539 seducet
512 3473 646 3537 virtute
670 3473 811 3556 dyaboli
846 3473 974 3537 tamin
999 3493 1104 3536 causa
1128 3476 1329 3557 temporali,

146 3587 260 3654 temporo
275 3605 301 3636 as
342 3600 444 3662 quam
468 3578 650 3661 spirituali,
674 3577 708 3640 in
734 3598 803 3660 qua
824 3579 1017 3660 protendet
1039 3598 1078 3641 se
1100 3580 1234 3642 habere
1257 3582 1328 3644 vir·
1340 3586 1373 3639 30

144 3646 308 3793 riiipiefiiiiai.
341 3693 453 3747 tutem
475 3683 510 3746 in
534 3682 644 3765 signis
669 3693 704 3745 et
724 3682 896 3766 prodigiis
912 3683 1150 3760 mendacibus,
1173 3704 1241 3766 per
1256 3705 1329 3767 que

147 3761 171 3792 ¹⁰
190 3762 306 3806 ”m
342 3787 482 3870 quidam
497 3787 701 3869 intelligunt
715 3789 829 3850 bullas
846 3798 951 3870 atque
968 3787 1139 3870 epistolas
1155 3788 1200 3851 de
1216 3790 1330 3872 pleni·

342 3891 464 3954 tudine
496 3892 687 3974 potestatis
719 3891 867 3975 papalis,
898 3894 1023 3974 plenas
1055 3893 1251 3972 mendacio,
1292 3904 1332 3959 ut

341 3994 524 4058 verificant
567 3995 612 4058 de
654 3994 890 4080 indulgenciis
934 4005 970 4060 et
1010 3996 1239 4080 prefeccione
1278 3999 1331 4063 in·

341 4098 517 4178 habilium,
541 4120 633 4183 quos
656 4101 879 4164 menciuntur
900 4121 966 4183 per
990 4121 1053 4165 eos
1078 4121 1157 4165 esse
1180 4102 1332 4182 habiles,
1344 4109 1375 4161 35

397 4353 429 4395 ιγ.
445 4340 474 4383 B:
489 4341 561 4383 eciam
575 4341 646 4385 deest.
702 4353 736 4394 24.
754 4340 783 4384 B:
799 4342 960 4396 apostolicum.
