3008 5026
151 447 220 493 cnr.
236 435 302 516 vn]
451 451 497 502 oa
515 451 726 502 notescunt
744 452 844 505 rupa.

150 609 307 674 cionem
328 608 424 672 Audi
438 610 570 690 ipsum:
583 626 653 671 non
668 609 894 691 dominantes,
910 610 970 686 ait,
989 611 1025 672 in
1039 612 1140 691 clero,

149 716 210 779 sed
222 714 351 795 forma
364 715 457 794 sacti
474 717 601 796 gregis.
625 712 667 777 Et
685 733 729 777 ue
750 715 879 778 dictum
901 716 977 778 sota
997 715 1139 777 humiti-

149 825 217 883 tale
244 825 345 901 putes
372 838 439 883 non
461 822 572 884 eciam
594 822 745 901 veritate,
778 837 841 883 von
863 819 1005 883 Domini
1030 820 1141 882 estin

149 927 341 1006 evangelio:
376 925 485 1007 Reges
507 927 667 1007 gencium
690 927 917 989 dominantur
940 943 1060 988 eorum
1083 929 1141 987 etc.

126 1027 191 1090 5Et
210 1028 331 1109 infert:
353 1049 414 1093 vos
435 1035 550 1094 autem
565 1049 633 1093 uon
648 1031 707 1093 sic.
731 1029 882 1092 Planum
898 1034 955 1110 est,
978 1028 1142 1109 apostolis

150 1131 368 1196 interdicitur
388 1135 596 1197 dominatus.
629 1132 671 1196 Et
694 1135 803 1215 igilur
824 1139 861 1196 tu
882 1134 943 1195 tibi
967 1150 1141 1214 usurpare

149 1238 258 1300 audes
285 1242 346 1300 aut
376 1238 563 1302 dominans
590 1240 818 1320 apostolatum
846 1241 906 1298 out
933 1238 1141 1318 apostolicus

148 1343 376 1405 dominatum.
399 1342 550 1405 Planum
573 1347 631 1422 est,
654 1342 698 1404 ab
720 1346 860 1419 utroque
873 1342 1073 1422 prohiberis.
1100 1339 1140 1403 Si

148 1451 331 1526 utrumque
361 1448 468 1510 simut
498 1448 622 1510 habere
653 1448 752 1523 voles,
786 1447 912 1527 perdes
948 1452 1138 1526 utrumque.

110 1549 308 1630 toAlioqnin
331 1569 399 1614 nou
422 1556 453 1614 te
468 1556 639 1632 exceptum
655 1552 697 1613 de
713 1552 854 1613 illorum
870 1569 1014 1614 numero
1029 1555 1139 1632 putes,

147 1655 189 1717 de
211 1657 332 1737 quibus
354 1655 448 1720 Dens
473 1657 524 1719 sic
549 1656 784 1736 conqueritur:
811 1654 886 1736 Ipsi
911 1659 1140 1736 regnaverunt

148 1763 268 1822 elnon
297 1779 336 1822 en
356 1779 420 1841 me,
443 1762 622 1842 principes
648 1762 827 1824 extiterunt
853 1765 883 1823 et
908 1778 976 1823 non
998 1761 1140 1841 cognovi

147 1882 213 1926 eos.
237 1863 317 1926 Iam
332 1866 364 1927 st
378 1877 527 1946 regnare
546 1867 619 1929 sine
635 1865 706 1929 Deo
732 1867 837 1945 iuvat,
860 1865 963 1928 habes
982 1866 1138 1947 gloriam

148 1968 210 2030 sed
236 1986 303 2030 non
333 1970 428 2050 opud
458 1968 583 2047 Deum,
615 1975 652 2032 at
678 1970 710 2033 si
735 1970 955 2032 interdictum
985 1973 1140 2032 tenemus

110 2074 338 2137 isandiamus
359 2075 514 2155 edictum,
545 2075 583 2137 id
609 2079 657 2138 est
683 2075 744 2154 qui
769 2075 889 2138 maior
902 2079 951 2138 est
971 2078 1136 2146 uestrum,

146 2177 218 2257 fiat
248 2179 336 2241 sicut
368 2179 485 2241 minor
515 2183 546 2241 et
576 2180 635 2258 qui
663 2195 842 2259 precessor
879 2183 927 2242 est
956 2179 1044 2242 metit
1080 2179 1139 2259 qui

146 2283 330 2358 ministrat,
347 2281 475 2363 forma
498 2283 686 2364 apostolica
706 2283 763 2346 luc
786 2288 844 2364 est,
867 2283 1064 2346 dominacio
1084 2283 1137 2345 iu·

145 2388 334 2464 terdicitur,
349 2387 514 2450 indicitur
523 2387 748 2465 ministracio,
761 2406 825 2468 qne
838 2391 868 2451 et
877 2387 1139 2451 commendatur

145 2492 296 2572 exempto
327 2492 438 2572 ipsius
467 2492 688 2572 legislatoris,
719 2493 778 2571 quii
807 2497 942 2556 secutus
968 2491 1138 2572 adiungit,

104 2617 136 2652 ιο
146 2615 206 2678 ego
230 2601 345 2660 antem
372 2597 408 2659 in
435 2596 549 2659 medio
577 2601 727 2660 oestrum
750 2615 829 2659 snm
853 2601 1035 2677 tamquam
1056 2593 1136 2679 quil

88 2707 120 2762 »5⁸
146 2702 330 2764 ministrat.
367 2698 464 2763 Ecce
497 2719 601 2782 quam
632 2698 792 2763 breviter
822 2699 892 2763 iste
924 2708 1068 2763 sanctus
1101 2707 1138 2762 et

146 2824 249 2887 quam
290 2807 396 2888 plane
439 2806 607 2869 dilucidat
654 2805 872 2869 sentenciam
914 2805 1136 2889 sepedictam

143 2918 321 2992 tamquam
350 2920 562 2993 sequentem
590 2910 782 2975 formaliter
806 2931 854 2974 ex
881 2911 1066 2993 scriptura,
1099 2919 1136 2973 et

143 3035 271 3078 revera
293 3017 493 3097 dampnare,
520 3016 717 3079 hereticare
740 3018 800 3080 vel
821 3016 1031 3102 impugnare
1054 3034 1134 3077 sen·

102 3121 296 3184 ritenciam
329 3130 400 3184 tam
432 3121 555 3202 sancti,
591 3128 662 3184 tam
694 3120 825 3202 devoti,
862 3130 934 3185 tam
965 3118 1134 3203 profundi

145 3234 250 3307 atque
284 3226 423 3288 subtilis
455 3226 618 3309 theologi
649 3224 742 3289 sicut
772 3226 839 3289 fuit
870 3228 998 3289 beatus
1024 3225 1133 3288 Bern-

142 3330 273 3393 hardus
305 3331 349 3392 ab
382 3330 534 3394 ecclesia
566 3330 791 3395 canonizatus
824 3339 860 3394 et
890 3330 927 3393 in
956 3331 1032 3393 celo
1055 3348 1134 3392 cum

143 3436 279 3518 angelis
302 3436 481 3519 gloriosus
504 3446 655 3519 propter
677 3437 779 3499 istam
798 3434 1014 3499 sentenciam
1030 3453 1135 3516 quam

142 3541 258 3602 verbo
287 3540 409 3604 docuit
437 3550 475 3606 et
502 3542 681 3623 exemplo,
709 3540 891 3603 videretur
917 3538 1020 3602 nimis
1048 3557 1136 3601 ceca

101 3645 372 3727 30presumpcio
401 3655 438 3710 et
465 3645 670 3729 specialiter
691 3645 728 3707 in
750 3645 896 3708 materia
917 3643 1002 3707 fidei
1030 3662 1134 3725 quam

143 3748 291 3813 dictavit
313 3759 384 3814 tam
406 3753 467 3814 lex
490 3749 619 3815 Christi
643 3770 748 3833 quam
771 3752 831 3813 lex
854 3747 1033 3813 naturalis

187 3853 337 3920 Constat
361 3855 503 3938 quidem
521 3876 568 3919 ex
585 3857 689 3920 dictis
709 3865 911 3920 sanctorum
933 3860 1136 3917 attestatur

144 3979 258 4025 canon
273 3960 406 4023 XXIV
430 3980 463 4043 q.
479 3961 534 4024 111
559 3981 635 4043 cap.
655 3961 809 4043 Heresis,
833 3959 931 4042 quod
953 3959 1012 4038 qui
1034 3958 1137 4020 aliter

197 4203 259 4258 7-8.
272 4203 361 4247 Coei:
372 4209 415 4246 aut
423 4204 530 4247 dominus
542 4235 547 4246 .
559 4234 564 4245 .
577 4237 582 4249 .
594 4235 599 4245 .
609 4206 652 4246 aut
661 4203 802 4258 apostolatus
811 4200 946 4243 dominium.
1003 4198 1034 4241 18.
1045 4197 1133 4242 coda:

143 4285 188 4329 que
200 4279 222 4316 et
237 4273 413 4317 commendatur
427 4273 498 4317 deest.
557 4286 587 4328 ¹9·
605 4272 694 4317 Codri:
711 4272 818 4327 adiungi.

196 4403 236 4452 33.
257 4402 320 4466 cap.
340 4403 440 4452 xxvu.

1214 3129 1286 3175 Great

1171 3183 1289 3240 authority
1303 3183 1330 3226 oi

1170 3234 1205 3279 St.
1220 3234 1331 3280 Bernard.
