3008 5026
654 407 823 458 JOHANle
842 407 980 457 wreus
1163 389 1246 468 [cu.
1264 401 1312 445 xn.

323 583 393 646 que
418 573 474 627 est
497 563 564 627 alia
586 563 684 627 radix
711 563 855 626 malicie.
879 562 981 627 Sicut
1004 563 1095 626 enim
1114 563 1234 626 fistula
1248 582 1314 644 per

323 689 427 751 quam
455 667 622 732 transiret
648 667 764 751 liquor
791 668 944 731 inficitur
967 687 1034 750 per
1061 666 1193 730 metalli
1217 668 1311 732 rubi-

321 773 441 858 ginem
465 773 698 849 inherentem
723 774 774 835 sic
795 772 949 836 inficitur
970 773 1121 837 rectoris
1136 773 1255 836 fistula
1270 773 1312 835 ad

323 878 502 954 orandum,
545 879 685 959 quando
718 876 973 959 temporalibus
1010 876 1112 939 nimis
1152 877 1311 953 afficitur,

324 1002 401 1046 cum
434 983 478 1045 ad
504 984 572 1045 hoc
602 982 830 1064 consequitur
857 981 1010 1045 servitus
1039 983 1243 1063 ydolorum;
1276 986 1334 1045 eti

323 1087 414 1150 sicut
441 1086 556 1169 liquor
583 1106 654 1150 non
682 1086 868 1149 descendit
896 1106 962 1167 per
984 1086 1137 1148 fistulam
1165 1088 1211 1149 ad
1234 1088 1310 1149 sub-

322 1190 461 1270 iectum,
484 1190 551 1254 nisi
574 1190 896 1272 proporcionaliter
923 1192 968 1253 ad
991 1189 1243 1272 scaturiginem
1266 1190 1311 1255 sit

323 1296 505 1377 depressa,
532 1295 584 1357 sic
612 1295 779 1358 sacerdos
807 1294 941 1357 orando
970 1313 1041 1357 non
1066 1294 1198 1358 mediat
1220 1295 1311 1360 inter

323 1400 439 1463 Deum
463 1409 500 1463 et
521 1402 692 1483 populum
716 1400 783 1463 nisi
807 1400 1023 1480 deponendo
1046 1398 1242 1463 elacionem
1266 1400 1310 1462 de

324 1525 362 1567 se
394 1504 474 1586 ipso
506 1503 682 1567 humiliter
709 1503 855 1583 senciat,
889 1503 1099 1568 subiciendo
1127 1524 1167 1567 se
1192 1504 1311 1568 debite
1325 1524 1351 1558 10

324 1610 439 1692 quoad
465 1609 592 1672 Deum.
632 1609 719 1672 Ideo
749 1619 896 1671 caveret
924 1628 1028 1691 papa,
1059 1609 1241 1692 quomodo
1269 1611 1312 1672 de

324 1712 538 1777 necessitate
567 1713 688 1777 salutis
715 1721 857 1776 tenetur
880 1732 982 1776 orare
1006 1733 1073 1795 pro
1101 1715 1250 1796 populo,
1279 1723 1313 1776 et

324 1817 496 1899 precipue
530 1818 720 1880 emundare
747 1816 930 1899 spirituale
959 1836 1130 1900 organum
1159 1820 1204 1880 ab
1236 1817 1313 1880 istis

325 1924 466 1985 duobus
489 1921 707 1999 criminibus3
731 1920 832 1984 aliter
856 1922 947 1985 enim
970 1923 1100 1985 nedum
1116 1922 1313 1985 omittendo

325 2036 502 2108 peccaret,
531 2025 597 2089 sed
624 2025 813 2088 mediando
843 2025 1002 2089 inficeret
1028 2045 1178 2111 gregem
1202 2030 1353 2103 suum‚15

326 2130 468 2194 dicente
490 2127 666 2214 Gregorio
688 2129 801 2212 primo
823 2129 1013 2193 Pastoralis
1034 2130 1086 2192 X:
1113 2129 1244 2209 Cuncti,
1267 2131 1316 2194 in·

325 2235 410 2318 quit,
425 2236 553 2315 liquido
570 2236 736 2311 nouimus
757 2235 761 2318 Ι
781 2237 955 2316 quietum
973 2238 1004 2299 is
1019 2237 1075 2314 qui
1097 2237 1253 2317 displicet
1269 2238 1317 2299 ad
1343 2234 1392 2288 ²5⁸¹

325 2342 599 2404 intercedendum
622 2342 779 2421 mittitur,
804 2342 888 2403 irati
910 2343 1051 2404 animus
1073 2343 1120 2403 ad
1142 2343 1317 2404 deteriora

321 2450 539 2526 prouocatur.
583 2444 649 2524 Qui
679 2446 786 2525 igitur
814 2447 925 2508 adbuc
956 2447 1138 2508 desideriis
1168 2447 1318 2509 terrenis

324 2549 539 2629 astringitur,
561 2554 678 2611 caveat
702 2568 742 2612 ue
757 2551 903 2612 districti
918 2550 1011 2613 iram
1028 2551 1153 2613 iudicis
1166 2551 1359 2631 gremius2⁰

325 2654 517 2722 ‹recendeus
545 2653 629 2716 dum
654 2655 724 2715 Ioco
747 2656 931 2717 delectatur
950 2656 1061 2734 glorie
1079 2655 1150 2733 fiat
1171 2656 1320 2718 subditis

325 2768 428 2819 arctor
451 2759 556 2820 ruine.

110 2871 311 2978 '‘sciiii‘iffi?
370 2859 507 2924 Octava
539 2861 662 2924 abusio
696 2873 752 2925 est
783 2863 879 2943 quod
912 2882 1005 2944 papa
1037 2872 1163 2926 oneret
1196 2884 1237 2926 se
1265 2864 1318 2926 in·

111 2964 554 3072 thupcufspuuufundabiliter
592 2985 700 3028 onere
738 2966 864 3029 alieno.
903 2964 971 3029 Hic
1004 2975 1120 3029 autem
1149 2967 1321 3050 exprimit

110 3041 310 3125 ”oiieiiii'im
327 3065 523 3151 Gregorius
546 3069 660 3151 primo
677 3069 870 3133 Pastoralis
894 3075 960 3135 sub
984 3070 1050 3133 hiis
1066 3072 1202 3134 verbis:
1228 3070 1360 3136 Hence

322 3176 505 3254 precipites
531 3175 693 3254 colligarit
724 3193 802 3236 cum
825 3181 953 3255 quanta
981 3176 1084 3256 culpa
1112 3195 1150 3240 ex
1169 3179 1320 3257 proprio

326 3280 477 3358 appetitu
493 3280 612 3341 ceteris
631 3278 785 3358 preferri
800 3298 866 3341 uon
884 3285 1047 3356 ruetrumt,
1070 3281 1102 3343 si
1121 3283 1234 3344 suncti
1249 3283 1321 3344 uiri

322 3384 474 3464 plebium
503 3384 667 3445 ducatum
694 3385 864 3464 suscipere
886 3383 958 3446 Deo
986 3385 1096 3448 eciam
1119 3385 1249 3446 iubente
1272 3387 1319 3447 ti-

327 3493 494 3549 mueruut.
531 3487 665 3566 Moyses
695 3490 856 3551 suadente
888 3488 1037 3551 Domiuo
1068 3491 1227 3570 trepidat,
1262 3493 1320 3554 in-

339 3592 461 3655 brmus
481 3593 629 3671 quisque,
652 3597 687 3654 ut
702 3593 841 3656 honoris
863 3612 948 3657 ouus
966 3595 1141 3675 suscipiat,
1165 3597 1364 3670 armante

327 3701 356 3759 et
383 3697 441 3775 qui
467 3698 515 3758 ad
541 3714 661 3759 cusrrm
689 3699 788 3760 uelde
821 3703 964 3779 urgetur
991 3717 1033 3761 ex
1056 3699 1227 3780 propriis,
1252 3700 1320 3762 iiu-

328 3819 463 3863 merum
484 3802 624 3864 libenter
647 3804 895 3883 opprimendus
916 3804 1082 3866 submittit
1106 3804 1323 3884 ponderibus

328 3904 467 3980 utteris;
487 3923 550 3985 que
564 3907 631 3987 egit
643 3906 745 3988 ferre
761 3926 829 3971 nou
843 3909 942 3987 valet,
965 3907 1074 3971 eciam
1093 3913 1205 3988 auget,
1228 3910 1323 3989 quod

382 4157 416 4188 21.
440 4145 468 4189 B:
487 4145 603 4199 gloriose.
673 4147 710 4190 23.
733 4147 808 4191 Cudd.
831 4149 853 4190 iu
873 4159 962 4203 marg:
986 4147 1008 4192 8.
1081 4148 1119 4192 33.
1139 4147 1232 4192 codd:
1253 4161 1325 4204 quem

329 4213 477 4266 egerserre.

386 4339 423 4392 ui.
441 4341 477 4392 St.
498 4341 638 4405 Gregorius
658 4343 672 4392 Ι.
693 4357 714 4390 c.
787 4345 826 4394 28.
847 4344 884 4392 lie
904 4342 974 4392 Cure
992 4342 1061 4394 Pest
1082 4343 1099 4405 t,
1119 4356 1175 4408 rep.
1189 4343 1222 4405 V,
1247 4360 1268 4396 1.
