3008 5026
146 399 207 442 (Inl‘
235 389 297 465 ,llll
444 406 487 455 ΗΕ
507 406 716 456 POTESTATE
740 408 836 458 ΡΑΡΕ.

145 563 390 628 sollicitudinis
408 564 500 627 circa
516 564 719 646 temporalia
735 574 772 627 et
787 564 998 628 invencione
1010 573 1134 628 contra

145 668 364 750 philargiam‚
407 679 557 751 propter
600 669 849 731 admissionem
887 669 1132 750 temporalium

146 773 332 835 venialiter
363 773 571 854 peccavisse
613 785 650 834 et
680 773 761 834 hinc
793 774 839 835 ad
878 774 1132 854 purgacionem

145 877 201 939 sui
224 886 261 939 et
284 886 510 960 augmentum
527 876 641 938 meriti
656 878 772 939 Deum
788 877 903 958 ipsum
920 877 956 939 in
971 876 1131 940 febribus

119 989 183 1054 5et
216 982 340 1044 dolore
373 980 498 1063 capitis
531 1001 596 1062 per
619 982 726 1062 longa
754 993 915 1063 tempora
937 981 1130 1063 punivisse.

143 1085 216 1148 Alii
239 1094 355 1148 autem
382 1086 522 1167 fingunt
550 1086 646 1167 quod
669 1088 737 1147 hoc
759 1086 896 1163 accidit,
919 1086 1000 1167 quia
1016 1086 1133 1149 oravit

144 1199 279 1252 temere
303 1210 370 1271 pro
394 1189 567 1271 Trayano.

188 1292 262 1358 Sed
284 1293 452 1356 mirantur
477 1295 646 1368 nonnulli,
671 1315 778 1376 quare
799 1295 962 1358 Romana
983 1295 1132 1358 ecclesia
1215 1308 1276 1363 n'ny

1106 1399 1113 1411 ,
1169 1360 1321 1404 Constantine

143 1417 216 1460 non
239 1398 420 1460 canonizat
436 1398 703 1462 Constantinum
720 1419 894 1481 magnum,
919 1400 978 1481 qui
995 1401 1132 1462 dotavit
1160 1415 1288 1509 canpmnpp
1303 1479 1329 1509 a

103 1502 330 1569 roecclesiam
351 1521 417 1564 nec
433 1511 567 1565 tantum
589 1504 832 1585 sollempnizat
852 1524 941 1577 eum,
966 1514 1004 1566 ut
1020 1504 1130 1566 orien·
1151 1519 1173 1561 n
1189 1519 1227 1614 ple
1242 1518 1339 1612 tals-nm

144 1606 225 1669 talis
249 1607 409 1683 ecclesia,
439 1617 476 1669 ut
505 1619 604 1670 notat
628 1607 827 1672 Castrensis
855 1609 944 1671 libro
968 1608 1031 1683 IV,
1056 1628 1130 1690 cap.
1221 1583 1296 1614 unca

144 1709 249 1774 CXII
272 1713 452 1793 quomodo
478 1711 584 1775 Greci
608 1713 877 1795 sollempnizant
901 1712 977 1775 eius
1001 1712 1129 1775 festum

143 1815 201 1879 XI
225 1815 281 1878 die
308 1815 401 1881 Maii.
439 1815 514 1880 Sed
546 1818 663 1880 audivi
697 1821 738 1880 ad
770 1820 839 1879 hoc
873 1818 959 1899 poni
992 1836 1129 1880 eausam

144 1922 330 2005 triplicem,
354 1922 465 2004 prima
488 1922 654 1985 fundatur
677 1944 787 2004 super
809 1923 1015 1985 mendacem
1038 1925 1129 1986 blas·

104 2026 294 2102 rsfemiam,
333 2028 429 2108 quod
463 2026 586 2090 debuit
624 2028 767 2090 dedisse
800 2037 914 2090 totum
946 2028 1130 2109 imperium

145 2151 246 2193 suum
271 2132 376 2209 cler0,
400 2139 436 2192 et
460 2131 544 2210 quia
567 2131 642 2194 eius
665 2132 891 2194 medietatem
915 2131 1044 2194 iniuste
1068 2133 1129 2192 de-

145 2233 249 2297 tinuit
271 2254 312 2296 ac
336 2233 369 2296 in
395 2234 581 2315 sacrilegio
598 2235 658 2297 illo
676 2234 751 2296 sine
769 2235 1014 2298 satisfaccione
1032 2235 1130 2298 obiit.

145 2347 320 2419 tamquam
348 2338 526 2401 hereticus
554 2348 611 2400 est
634 2340 877 2420 dampnandus
906 2351 943 2402 et
965 2360 1030 2420 per
1053 2360 1130 2402 con·

145 2462 299 2524 sequens
323 2462 342 2503 a
365 2454 565 2505 sanctorum
590 2443 777 2525 cathalogo
812 2445 1060 2519 semovendus,
1096 2452 1132 2505 et

101 2545 196 2609 zosic
220 2545 337 2608 forent
354 2546 566 2628 dampnandi
589 2567 711 2609 omnes
735 2546 924 2609 morientes
944 2566 1051 2630 reges
1073 2549 1129 2609 vel

146 2649 278 2712 domini
301 2652 523 2731 temporales.

188 2751 354 2815 Secunda
371 2774 475 2816 causa
493 2755 633 2816 videtur
651 2755 842 2816 coloracior
859 2757 954 2836 quod
972 2754 1128 2836 canoni·i

88 2871 110 2942 3³
144 2857 239 2918 zacio
266 2857 407 2919 videtur
431 2858 540 2920 fuisse
568 2858 680 2921 alieno
704 2858 824 2921 Cesari
848 2859 989 2921 nimium
1015 2880 1130 2940 sump-

143 2969 259 3041 tuosa,
292 2961 372 3023 ideo
407 2973 445 3022 ut
472 2984 565 3044 papa
592 2966 721 3024 habeat
750 2983 890 3025 cesares
915 2963 1026 3047 magis
1050 2966 1130 3026 snb·

101 3065 257 3133 25iectos
286 3086 350 3127 suo
378 3067 526 3148 imperio
551 3069 662 3130 noluit
684 3079 818 3130 tantum
848 3069 965 3130 colere
990 3088 1131 3130 servum

144 3190 255 3242 suum,
290 3169 374 3231 fecit
407 3181 524 3233 tamen
558 3173 668 3254 magis
701 3172 871 3234 mirabilia
899 3172 934 3234 in
957 3171 1031 3234 vita
1058 3193 1130 3235 sua.

144 3294 246 3355 quam
270 3274 318 3335 illi
341 3295 447 3355 reges
471 3275 629 3340 fecerant
652 3277 687 3338 in
716 3286 828 3338 morte
854 3296 943 3357 quos
968 3296 1014 3337 ex
1038 3279 1131 3338 nuda

143 3378 317 3441 relacione
342 3382 397 3440 vel
422 3381 540 3462 gracia
564 3382 714 3463 pecunie
739 3382 930 3443 canonizat.

187 3482 312 3547 Tereia
337 3505 441 3548 causa
462 3486 565 3546 realis
582 3486 725 3567 ponitur
749 3487 847 3567 quod
870 3488 938 3547 hoc
962 3487 1042 3547 ideo
1060 3507 1129 3547 non
1174 3501 1276 3542 aecana
1291 3498 1319 3541 ne

1162 3552 1278 3596 burdcncd
1295 3552 1332 3594 tnc

101 3590 275 3665 :mevenit
314 3591 411 3672 quod
445 3600 578 3653 tantum
618 3596 798 3652 onerando
833 3590 1017 3652 ecclesian]
1052 3611 1128 3652 curn
1162 3604 1324 3699 {3333th

143 3694 399 3776 temporalibus
431 3696 548 3772 stulte,
580 3703 713 3756 tanturn
747 3694 1058 3775 danrpnilicaverat
1091 3716 1129 3754 se

144 3808 181 3861 et
213 3800 353 3875 clerum,
386 3799 482 3879 quod
512 3797 735 3880 dispendium
764 3798 844 3879 quia
878 3797 1054 3863 subtraxit
1086 3801 1129 3860 ab

199 4056 231 4099 13.
249 4055 323 4099 codd.
338 4057 360 4099 in
376 4069 462 4110 inarg:
480 4059 655 4100 tottstanlr'nnnr
669 4069 778 4113 nnrgnum
797 4056 928 4105 dolator-ern
943 4069 1017 4112 quine
1031 4069 1077 4100 non
1092 4069 1128 4099 ca·

142 4126 237 4181 nontfat
251 4126 356 4168 ecclen'a.
412 4137 444 4180 ¹7·
459 4128 492 4170 A:
508 4127 635 4182 sacrilego.

195 4250 219 4303 ti.
244 4251 283 4305 Cf.
305 4253 341 4302 lle
366 4254 427 4305 cccl.
451 4269 474 4317 p.
502 4253 646 4317 531-534.
722 4269 759 4306 ιι.
783 4254 821 4306 (lt.
851 4253 980 4318 Rannlphi
1007 4251 1128 4319 l'olychr.

143 4339 174 4402 V,
199 4341 280 4405 148ln.
