3008 5026
182 440 244 488 err.
259 425 301 515 u]
473 445 518 496 un
536 441 750 496 rorusmru
769 442 868 493 rure.

180 621 340 667 vocamus
361 603 547 676 miracuta,
571 608 609 664 ut
633 599 789 662 declarat
808 597 1032 681 Augustinus
1056 615 1164 677 super

179 707 255 787 Job.
272 704 398 778 Omel.,
422 714 459 769 et
475 705 526 768 sic
543 704 704 788 quelibet
720 712 889 782 creatura,
905 702 998 765 sicut
1014 700 1165 783 quilibet

179 820 276 874 actus
300 809 444 873 creandi
466 817 592 892 potest
615 807 686 870 dici
708 807 920 887 miraculum,
944 805 996 868 sic
1020 814 1058 868 et
1080 825 1165 888 que·

178 914 266 978 libet
297 913 411 978 saccio
444 934 515 996 que
542 913 623 976 Deo
658 920 713 975 est
744 910 897 995 propria
934 909 1040 974 Unde
1071 909 1164 973 idem

159 1028 275 1082 §esset
296 1027 493 1082 creaturam
516 1016 709 1081 vendicare
724 1024 941 1098 potestatem
956 1015 1164 1078 miraculose

179 1143 293 1206 agere,
327 1132 365 1186 et
396 1122 587 1186 vendicare
611 1120 709 1205 quod
739 1120 786 1184 sit
808 1121 898 1183 alter
919 1119 1036 1196 Deus;
1069 1121 1166 1202 quod

179 1228 278 1291 Deus
315 1246 386 1291 non
424 1234 550 1310 potest
587 1234 748 1289 creature
786 1224 997 1288 concedere.
1036 1223 1164 1288 Creare

179 1342 295 1395 autem
325 1351 400 1394 non
431 1339 554 1413 potest
578 1330 680 1394 Deus
711 1329 968 1393 communicare
996 1338 1165 1410 creature,

179 1456 243 1500 nec
259 1435 470 1500 annichilare
486 1443 609 1518 potest
624 1433 727 1498 alicui
742 1443 957 1517 competere,
974 1443 1014 1498 ut
1033 1433 1165 1497 dictum

147 1551 234 1605 west
264 1541 301 1604 in
333 1540 478 1604 materia
510 1541 555 1603 de
578 1538 849 1604 universalibus.
887 1539 934 1602 Et
957 1546 1059 1622 patet
1081 1559 1165 1622 quo·

179 1646 284 1708 modo
318 1647 490 1708 debemus
521 1643 677 1708 iudicare
709 1644 893 1708 intellectu
916 1652 953 1707 et
975 1644 1046 1706 fide
1069 1643 1165 1707 mira·

180 1752 264 1813 cula.
301 1750 549 1814 Periculosum
581 1759 696 1813 autem
729 1758 786 1812 est
816 1750 969 1813 instante
1002 1757 1165 1832 tempore
1189 1780 1282 1835 Dm„
1295 1780 1373 1823 „1100

180 1853 390 1918 Antichristi
405 1853 631 1938 magnificare
647 1854 750 1937 signa
765 1853 954 1932 sensibilia,
970 1873 1049 1917 cum
1066 1852 1164 1917 Anti·
1204 1833 1316 1928 mffiiffi
1332 1892 1356 1927 ,ο

181 1959 301 2022 christi
339 1958 504 2043 discipuli
542 1961 702 2024 extollunt
738 1979 774 2023 se
811 1978 916 2040 super
947 1978 1046 2023 omne
1076 1962 1167 2041 quod
1220 1938 1337 1980 w⁰¹¹d⁰‘⁸‘

148 2064 309 2127 edicitur
341 2063 445 2146 Deus,
484 2064 529 2127 de
567 2063 777 2147 principatu,
815 2064 860 2127 de
897 2071 1091 2145 potestate,
1130 2074 1167 2128 et

180 2168 321 2248 virtute,
359 2188 447 2252 quas
485 2168 686 2251 Apostolus
724 2167 811 2231 dicit
851 2170 1066 2232 evacuandos
1103 2188 1168 2251 per

182 2272 365 2340 Christum.
401 2274 504 2337 Deus
527 2282 644 2336 autem
667 2274 712 2336 ad
734 2272 896 2336 meritum
921 2272 1073 2337 hominis
1096 2289 1166 2337 tam

180 2377 252 2440 vivi
275 2397 382 2460 quam
404 2376 534 2441 mortui
557 2396 647 2460 sepe
670 2376 753 2440 iacit
774 2376 951 2442 miracula.
977 2377 1037 2439 Ad
1060 2398 1166 2460 quem

180 2501 320 2546 sensum
346 2479 474 2544 dicitur
497 2500 651 2564 corpora
673 2490 891 2546 mortuorum
922 2482 1043 2545 facere
1065 2482 1165 2546 mira·

142 2587 265 2664 rocula,
309 2605 392 2668 ymo
435 2594 581 2649 truncos
621 2585 759 2668 lapides
801 2594 837 2649 et
878 2588 986 2650 multa
1026 2587 1167 2670 putrida

179 2690 360 2773 finguntur
390 2690 509 2753 facere
540 2689 710 2754 miracula
738 2699 890 2774 propter
926 2693 1070 2757 lucrum.
1106 2690 1166 2757 Sic

178 2810 294 2858 autem
318 2793 566 2877 equivocando
588 2794 625 2857 in
647 2795 808 2858 faccione
831 2795 997 2874 miraculi,
1023 2796 1167 2860 videtur

179 2900 275 2981 quod
299 2918 404 2963 omne
427 2901 622 2962 membrum
646 2909 769 2964 sancte
793 2901 911 2964 matris
935 2902 1098 2982 ecclesie,
1120 2904 1165 2965 de

104 3009 153 3078 ¹⁶7⁸
178 3012 310 3086 quanto
327 3003 378 3066 sic
403 3012 559 3068 meretur
574 3013 612 3068 ut
629 3006 729 3068 Deus
741 3004 744 3088 l
757 3015 927 3088 operetur
943 3006 1166 3086 miraculose,

140 3106 261 3171 asfacit
292 3107 506 3188 miraculum,
544 3121 580 3171 et
611 3110 716 3193 pauci
748 3111 877 3173 mortui
913 3111 974 3193 qui
1014 3119 1097 3173 sunt
1129 3109 1166 3173 in

177 3220 271 3275 statu
309 3213 468 3275 merendi
506 3213 602 3276 beati
633 3214 669 3277 in
701 3214 823 3297 patria.
869 3213 925 3277 Illi
957 3223 1073 3278 autem
1105 3216 1166 3297 qui

178 3315 299 3379 dicunt
323 3318 421 3399 quod
444 3318 544 3400 lapis,
576 3319 686 3381 herba
710 3328 747 3382 et
769 3318 834 3381 alia
854 3328 978 3384 natura
993 3340 1167 3403 corporea

176 3420 285 3484 habet
307 3420 475 3484 virtutem
497 3422 651 3486 faciendi
674 3423 850 3502 miracula,
872 3423 1040 3488 videntur
1062 3423 1166 3488 michi

176 3523 278 3587 nimis
302 3525 452 3589 confuse
475 3527 582 3610 loqui,
608 3527 690 3610 quia
714 3528 765 3591 sic
789 3529 904 3592 omnia
926 3529 1046 3592 forent
1067 3529 1165 3592 mira·

138 3641 168 3693 30
178 3630 264 3703 cula,
299 3648 377 3693 cum
409 3650 514 3694 nemo
547 3642 675 3714 posset
705 3633 825 3696 facere
857 3633 924 3697 nisi
961 3634 1166 3697 miraculum

178 3733 296 3815 quoad
325 3736 450 3803 Deum.
486 3734 559 3799 Alii
591 3745 708 3801 autem
737 3737 859 3800 dicunt
891 3739 989 3820 quod
1019 3746 1162 3821 oportet

230 4008 252 4047 4.
274 3995 295 4038 Α
313 3995 337 4037 in
358 4007 444 4050 marga
464 4000 528 4039 nota.
584 4007 605 4051 7.
625 3998 647 4039 Α
666 3997 690 4040 in
710 4007 798 4051 murga
817 3993 913 4039 Creare.
970 4008 999 4040 ιι.
1020 3995 1110 4041 cudda
1129 3995 1166 4039 tn·

176 4064 297 4108 tellectum.
353 4076 388 4119 ιι,
404 4076 442 4110 22.
459 4065 488 4109 Br
503 4065 628 4110 Stantem.

234 4223 255 4258 ι.
274 4207 313 4258 Cf.
323 4208 360 4260 St.
371 4209 509 4273 Augustini
520 4209 606 4260 Serm.
620 4208 713 4258 LXXX
723 4208 762 4258 De
772 4207 859 4258 verbis
869 4208 1008 4274 Evangelii
1017 4209 1111 4259 Joann.
1122 4208 1165 4259 Vl.

178 4293 217 4343 Cf.
237 4304 263 4344 et
281 4296 436 4345 Sermonem
457 4295 570 4346 CXXVI.
646 4310 683 4358 14.
703 4296 732 4346 ll.
745 4293 841 4345 Thess.
856 4295 928 4353 ll.4.
1004 4294 1040 4347 16.
1060 4294 1088 4344 ll.
1103 4294 1165 4344 Cor.

178 4381 219 4447 Ill,
239 4397 262 4446 7.
