3008 5026
705 347 873 400 sonamus
892 348 1033 399 wicus
1239 325 1322 415 [can.
1338 341 1366 386 x.

378 529 448 593 que
478 509 521 571 ad
545 507 647 571 nimis
675 525 836 589 magnam
860 505 1175 588 equivocacionem
1202 505 1287 568 fidei
1311 523 1367 567 se·

378 622 579 698 querentur.
596 610 683 674 Ideo
701 620 770 674 tarn
786 610 915 693 prelati
932 610 992 694 qui
1003 619 1195 673 onerarunt
1203 609 1367 672 homines

378 719 429 783 sic
452 718 569 781 iurare
593 736 696 799 quam
718 714 767 778 illi
791 715 852 797 qui
875 715 926 778 sic
950 714 1261 797 sollempnizarunt
1275 715 1366 776 hanc

379 822 634 897 obedienciam,
674 820 894 883 discuterent
933 828 970 883 et
1007 820 1228 884 declararent
1268 838 1367 882 suam

379 926 597 993 sentenciam
620 945 687 1008 pro
711 924 951 988 instruccione
977 924 1139 988 ecclesie.
1380 927 1393 976 5

195 1027 338 1074 W⁸⁸¹¹⁰¹¹¹d
423 1030 611 1096 Sentencia
639 1037 756 1091 autem
785 1029 958 1092 catholica
987 1049 1089 1111 quarn
1118 1048 1208 1111 sepe
1229 1026 1368 1110 repecii

171 1082 232 1138 obey
245 1082 285 1125 the
300 1092 361 1136 pope

171 1134 357 1244 offljffiigs
380 1146 450 1202 stat
480 1136 515 1199 in
539 1135 619 1210 istO,
652 1135 750 1215 quod
772 1153 839 1196 nec
865 1144 921 1197 est
945 1134 1160 1196 credendum
1187 1151 1254 1195 nec
1278 1134 1366 1194 obe-

186 1236 346 1335 ‘histffiff
380 1242 546 1305 diendum
579 1258 683 1322 pape,
717 1237 903 1319 episcop0,
932 1239 1052 1300 abbati
1076 1238 1134 1299 vel
1159 1237 1368 1318 cuicumque

380 1343 551 1428 spirituali
584 1341 782 1426 preposito,
813 1341 882 1404 nisi
914 1343 959 1404 de
991 1351 1124 1425 quanto
1153 1341 1284 1405 dixerit
1308 1340 1368 1401 vel

379 1446 601 1512 mandaverit
615 1449 733 1529 legem
751 1446 890 1513 Christi.
914 1455 950 1509 et
967 1467 1033 1529 per
1050 1464 1275 1528 consequens
1300 1463 1368 1507 nec
1383 1464 1412 1497 ιο

378 1553 525 1617 Urbano
554 1572 621 1615 nec
642 1552 808 1614 Roberto
826 1560 969 1614 tenetur
983 1551 1099 1615 fidelis
1120 1551 1277 1625 credere,
1299 1547 1369 1612 nisi

381 1657 426 1719 de
459 1663 590 1737 quanto
622 1655 729 1718 fidem
761 1654 938 1737 scripture
971 1654 1116 1734 dixerit,
1149 1674 1215 1717 nec
1244 1662 1300 1716 est
1323 1654 1368 1716 de

381 1758 584 1824 substancia
606 1758 690 1821 fidei
714 1759 884 1841 explicite
909 1760 1056 1821 credere
1080 1760 1227 1822 alterum
1244 1777 1369 1822 eorum

381 1883 462 1927 esse
481 1883 618 1946 papam.
642 1862 861 1927 Benedictus
879 1865 978 1927 Deus
997 1863 1169 1939 veritatis,
1193 1865 1252 1946 qui
1276 1862 1368 1927 ordi-

381 1967 478 2031 navit
508 1968 610 2031 istam
634 1967 903 2044 dissensionem,
936 1977 974 2031 ut
997 1967 1129 2031 veritas
1157 1967 1260 2030 huius
1283 1967 1370 2029 fidei
1384 1977 1413 2027 15

382 2073 567 2136 elucescat
583 2072 673 2135 Nam
689 2086 747 2154 ego
754 2073 875 2152 fidelis
886 2074 1107 2154 philosophus
1123 2081 1225 2135 extra
1240 2082 1368 2135 utram·

198 2205 280 2251 cmi„
294 2207 336 2250 h„
382 2197 451 2258 que
468 2177 612 2240 istarum
622 2177 779 2259 parcium
791 2176 841 2240 sic
854 2177 1089 2260 opinancium,
1105 2198 1208 2241 unam
1222 2176 1370 2239 istarum

186 2257 353 2356 ⁰§ssffi2ff32¹⁰
381 2279 537 2362 parcium
559 2282 627 2344 hec
643 2290 834 2363 negantem
859 2281 903 2342 de
921 2281 1055 2364 reliqua
1079 2281 1130 2344 sic
1154 2300 1278 2364 argu03
1302 2299 1370 2342 nec

165 2362 490 2446 ¹⁰¹¹‘¹¹¹¹¹⁰¹‘“·credo
529 2387 626 2466 quod
665 2385 795 2447 evadet
825 2384 925 2448 iuxta
957 2405 1021 2449 sua
1052 2385 1239 2468 principia:
1272 2383 1371 2448 Dicit

382 2489 474 2552 enim
508 2490 606 2572 quod
634 2490 798 2553 subditus
832 2499 975 2553 tenetur
1003 2493 1068 2553 sub
1097 2510 1189 2573 pena
1212 2489 1370 2553 mortalis
1382 2505 1415 2540 20

382 2594 530 2657 obedire
554 2614 647 2677 papa
670 2614 736 2658 suo
759 2594 794 2657 in
823 2594 1106 2677 quibuscumque
1137 2593 1270 2658 neutris
1300 2612 1370 2676 que

381 2697 460 2780 ipse
484 2699 711 2764 mandaverit.
741 2698 828 2762 Cum
851 2699 959 2780 igitur
982 2699 1082 2763 iuxta
1110 2720 1173 2762 sua
1196 2698 1372 2782 principia

382 2801 496 2865 omnis
529 2822 636 2865 verus
668 2823 761 2886 papa
795 2804 931 2866 habens
963 2803 1228 2867 iurisdicionem
1262 2822 1372 2884 super

382 2914 494 2970 totam
528 2905 713 2970 ecclesiam
750 2907 905 2990 precipit
937 2909 995 2970 vel
1034 2909 1144 2970 debet
1181 2905 1371 2990 precipere

383 3010 532 3073 cuilibet
562 3013 721 3073 membro
757 3012 843 3089 eius,
876 3021 915 3075 ut
947 3013 1103 3076 declinet
1129 3012 1304 3095 reliquum
1332 3019 1414 3075 utri

384 3114 725 3178 excomunicandum
749 3116 1016 3194 Antichristum,
1041 3127 1141 3200 patet
1165 3116 1262 3199 quod
1279 3124 1370 3178 utra·

383 3238 453 3302 que
485 3228 584 3281 secta
616 3228 758 3283 tenetur
790 3223 938 3283 credere
963 3230 1228 3304 consequenter
1251 3223 1296 3284 de
1319 3241 1370 3283 re·

381 3322 488 3405 liqna,
516 3324 614 3404 quod
642 3323 688 3386 sit
711 3344 730 3386 a
752 3324 823 3386 fide
848 3324 978 3388 Christi
1006 3325 1237 3408 scisjmatica.
1275 3324 1374 3388 Dicit
1402 3333 1465 3391 223⁸

384 3426 477 3489 enim
505 3436 655 3509 utraque
684 3437 782 3490 secta
806 3430 902 3510 quod
927 3429 1041 3492 omnis
1070 3429 1253 3492 subiectus
1277 3448 1372 3511 pape

384 3531 450 3593 sub
486 3550 578 3612 pena
610 3532 750 3613 peccati
781 3532 938 3596 mortalis
972 3535 1083 3597 debet
1116 3533 1234 3596 facere
1267 3547 1419 3598 omne3o

383 3634 556 3718 possibile
596 3634 663 3698 sibi
702 3635 799 3717 quod
841 3657 935 3718 papa
973 3656 1058 3699 suus
1097 3636 1229 3701 virtute
1272 3656 1373 3699 sacre

385 3737 596 3802 obediencie
629 3738 698 3802 sibi
720 3739 947 3815 mandaverit,
982 3755 1018 3804 et
1049 3761 1116 3823 per
1149 3760 1374 3823 consequens

383 3843 464 3925 ipso
489 3843 675 3906 mandante
699 3852 737 3907 ut
760 3844 881 3907 veniat
914 3844 992 3922 sibi,
1017 3855 1055 3909 ut
1079 3847 1140 3910 det
1161 3845 1229 3910 sibi
1245 3846 1374 3909 medie

184 1290 224 1334 wit

439 4232 455 4263 ι.
467 4221 702 4265 Anzenervacionem.
760 4222 791 4267 18.
800 4222 888 4267 codd:
899 4225 1127 4280 tanain-opinantium
1135 4226 1210 4271 twice.
1254 4240 1285 4282 ¹9·
1295 4227 1373 4273 Codd.

384 4288 407 4332 in
423 4300 509 4343 marga
530 4288 671 4335 obediencia
691 4292 714 4335 in
729 4293 826 4336 neutris.
882 4305 918 4349 27.
936 4293 1025 4338 codd:
1040 4297 1293 4340 excommunicaturum.
