3008 5026
696 405 865 455 Jouruuis
886 404 1025 455 ureris
1220 384 1301 473 [err.
1323 401 1363 447 vr.

372 561 448 643 pari
465 561 559 624 circa
575 561 679 623 fidem
697 561 872 644 scripture
889 570 928 624 ut
944 561 1024 623 olim
1043 580 1156 642 usque
1180 561 1223 623 ad
1239 563 1362 625 tubam

370 665 606 746 novissimam,
639 676 826 749 antequam
858 666 944 728 rima
968 667 1011 728 ad
1034 665 1249 730 fundandum
1272 665 1362 730 illud

370 771 604 853 inscriptura
637 792 736 834 sacra
767 772 804 834 in
828 791 897 852 qua
929 780 985 834 est
1017 770 1130 833 omnis
1159 770 1291 834 veritas
1315 770 1362 835 sit

370 885 528 957 reperta;
559 885 596 939 et
618 884 744 955 tamen,
768 876 798 938 si
820 875 915 939 foret
940 876 1035 954 utile,
1059 884 1160 938 autor
1183 875 1362 957 scripture

371 999 442 1042 non
466 980 665 1043 omississet
688 979 773 1043 illud
801 980 959 1042 inserere
981 999 1048 1042 nec
1072 988 1226 1061 quatuor
1248 980 1387 1043 sancti5

371 1085 539 1147 doctores
549 1084 634 1147 illud
645 1084 818 1166 detegere
828 1084 1088 1167 neglexissent3
1106 1084 1199 1146 unde
1216 1093 1363 1166 oportet

372 1188 560 1251 ecclesiam
584 1208 711 1252 cavere
734 1191 780 1250 eb
803 1188 1006 1252 huiusmodi
1028 1188 1198 1252 novitate.
1223 1188 1270 1251 Et
1292 1187 1361 1250 col·

371 1292 434 1375 ligi
464 1302 588 1375 potest
619 1293 756 1357 solucio
789 1295 833 1357 ad
866 1303 939 1356 tres
976 1292 1157 1374 predictas
1190 1292 1361 1375 argucias,

371 1399 551 1478 quomodo
583 1399 642 1460 vel
674 1408 829 1480 peccent
858 1398 893 1460 in
927 1396 1071 1460 materia
1094 1399 1152 1460 vel
1184 1396 1219 1458 in
1243 1396 1362 1461 forma.

370 1501 417 1565 Et
439 1511 539 1585 patet
561 1502 673 1584 prima
695 1522 779 1585 pars
801 1503 964 1585 predicte
989 1501 1180 1566 sentencie.
1374 1523 1405 1560 ιο

152 1619 360 1717 repopoplesmheave
413 1605 461 1669 Et
493 1607 650 1670 secunda
682 1627 764 1689 pars
796 1617 896 1689 patet
929 1626 973 1668 ex
1003 1613 1184 1688 potestate
1209 1604 1361 1668 faciendi

166 1736 258 1779 nowers
273 1725 301 1769 or
313 1723 351 1767 the
370 1710 536 1775 miracula
560 1720 596 1774 et
620 1732 667 1775 ex
689 1720 871 1794 potestate
896 1711 1133 1774 auctorizandi
1150 1710 1360 1792 scripturam

197 1776 308 1833 sperner.
371 1835 504 1878 sacram
530 1824 567 1878 et
591 1836 637 1878 ex
659 1825 842 1898 potestate
866 1815 1052 1879 edificandi
1077 1815 1273 1878 ecclesiam.

173 1917 225 1960 ⁰¹⁸
239 1919 338 1973 ΡΜεδ
415 1919 595 2002 Quantum
611 1921 655 1983 ad
671 1920 846 1996 miracula,
864 1929 965 2004 patet
980 1921 1078 2003 quod
1088 1932 1230 1983 cessant
1251 1918 1360 1981 hodie

173 1977 259 2013 cannot
273 1970 338 2013 work

151 2021 267 2076 m¹f⁸⁰¹²⁸v
282 2022 359 2065 which
369 2025 405 2088 in
428 2024 559 2089 nostris
583 2025 775 2108 episcopis,
799 2046 877 2089 cum
901 2025 985 2088 satis
1009 2036 1065 2088 est
1087 2032 1173 2107 post
1195 2023 1302 2085 fidem
1324 2023 1402 2084 in15

157 2085 196 2117 m
211 2075 352 2171 amaea
370 2129 558 2213 evangelio
591 2130 807 2212 divulgatam
839 2130 953 2213 ipsam
987 2129 1196 2211 impressam
1229 2126 1361 2190 sanctis

369 2235 684 2298 exhortacionibus
701 2234 919 2297 confirmare.
944 2233 1031 2297 Cum
1048 2233 1154 2316 igitur
1170 2232 1271 2294 Deus
1287 2250 1361 2294 non

369 2339 429 2402 dat
452 2338 639 2422 quicquam
664 2338 854 2421 superflue,
879 2338 1041 2421 sequitur
1057 2337 1154 2420 quod
1169 2337 1271 2399 Deus
1288 2356 1360 2399 non

369 2444 428 2507 dat
449 2453 453 2522 Ι
474 2444 606 2507 nostris
633 2444 837 2527 prepositis,
866 2454 905 2506 ut
933 2443 1016 2506 olim
1041 2443 1139 2505 dedit
1162 2440 1359 2522 discipulis,
1392 2446 1453 2514 187b

368 2556 585 2630 potestatem
608 2546 760 2611 faciendi
783 2547 957 2628 miracula,
982 2556 1018 2609 et
1041 2566 1108 2629 per
1131 2564 1404 2628 consequensro

369 2671 462 2713 nunc
493 2671 565 2715 non
596 2653 742 2731 habent;
774 2653 842 2714 hec
875 2661 992 2714 autem
1021 2651 1088 2713 fuit
1109 2650 1215 2733 racio,
1248 2670 1359 2733 quare

369 2757 570 2838 Apostolus
594 2777 665 2820 non
682 2757 890 2820 miraculose
913 2757 979 2819 sed
994 2776 1060 2838 per
1076 2755 1167 2819 viam
1191 2756 1360 2819 naturalis

369 2860 545 2924 medicine
584 2860 722 2924 sanavit
756 2861 991 2940 Thimoteum,
1028 2862 1160 2924 bonum
1198 2861 1360 2944 regimen

368 2965 595 3048 iniungendo.
638 2966 746 3042 Utere,
776 2966 901 3048 inquit,
934 2967 1067 3029 modico
1104 2967 1181 3029 vino
1215 2971 1362 3046 propter

367 3072 579 3135 stomachum
611 3076 708 3134 tuum
740 3076 771 3134 et
794 3070 993 3151 frequentes
1029 3076 1107 3133 tuas
1138 3071 1403 3150 infirmitatem

368 3174 601 3254 primaThim.
613 3176 658 3238 V.
675 3174 748 3239 Sed
760 3174 1048 3238 communicando
1067 3195 1145 3237 cum
1156 3173 1360 3237 infidelibus

368 3280 620 3343 convertendis
652 3300 718 3362 per
748 3280 913 3342 miracula
945 3279 1107 3343 exercuit
1140 3279 1231 3342 illam
1254 3288 1359 3361 pote·

370 3391 507 3465 statem,
531 3392 569 3447 ut
591 3394 692 3466 patet
714 3387 870 3447 Actuum
894 3382 1015 3447 ultimo
1041 3383 1199 3465 copiose.

411 3486 510 3565 Item,
542 3488 571 3550 si
604 3489 716 3552 nostri
749 3487 913 3570 episcopi
945 3487 1080 3550 habent
1103 3496 1234 3550 tantam
1257 3496 1359 3569 pote·

368 3600 494 3655 statem
518 3592 669 3655 faciendi
694 3592 858 3655 miracula
882 3592 992 3655 eciam
1015 3590 1193 3674 primitiva
1209 3600 1248 3654 ut
1264 3591 1357 3664 olim,
1371 3600 1403 3652 30

368 3715 446 3759 cum
470 3716 558 3779 sepe
582 3697 674 3760 foret
698 3696 936 3760 necessarium
960 3696 1011 3759 uti
1033 3695 1234 3759 huiusmodi
1257 3705 1359 3777 pote·

366 3808 467 3880 state,
491 3800 656 3881 culpandi
679 3811 762 3864 sunt
785 3821 832 3862 ex
855 3800 935 3864 ocio
959 3799 1149 3882 potestatis
1173 3807 1211 3864 et
1226 3799 1359 3863 discre-

367 3903 474 3966 dendi
497 3913 672 3987 tamquam
696 3905 841 3968 fictores
865 3903 1068 3987 pompatici,
1094 3924 1172 3967 cum
1194 3904 1360 3969 nesciunt

420 4152 449 4185 ri.
463 4141 505 4186 AB
519 4143 542 4185 in
558 4154 644 4198 marga
660 4143 768 4187 Secunda
781 4154 846 4197 pars.
901 4155 936 4196 ²4·
952 4146 985 4188 A:
1000 4149 1067 4188 urere
1077 4146 1187 4198 inquam,-
1201 4143 1218 4186 B
1234 4156 1256 4187 m
1268 4156 1357 4199 marga

366 4211 448 4266 lnquit.

419 4351 459 4400 ²4·
479 4337 626 4405 1.Tim.v,
647 4339 688 4388 23.
