3008 5026
137 402 206 449 cee-
222 386 264 476 a]
432 409 476 459 oe
495 407 706 460 potestate
725 409 823 459 rnre.

137 563 181 625 de
214 563 364 645 primatu
397 564 601 628 diviciarum
634 564 880 647 temporalium
912 566 971 627 vel
1005 564 1120 648 glorie

135 667 293 732 humane.
310 668 351 731 In
366 670 435 731 hoc
453 668 545 731 enim
563 667 726 733 Scarioth
752 668 813 752 qui
823 670 976 751 possedit
992 682 1120 751 agrum

135 771 177 833 de
199 772 351 835 mercede
375 773 572 853 iniquitatis,
596 781 635 835 ut
651 771 735 836 dicit
750 772 879 836 Petrus
896 772 977 838 Act
996 772 1120 855 primo,

136 875 281 939 Petrum
306 885 521 954 excesserat,
550 885 701 959 propter
727 876 822 960 quod
845 877 957 940 sancti
981 885 1018 940 et
1040 896 1120 960 spe·

112 979 270 1043 §cialiter
292 981 446 1063 apostoli
461 980 654 1044 timuerunt
668 981 859 1064 impetrare
876 981 944 1046 sibi
958 980 1119 1044 redditus

136 1086 181 1147 de
196 1084 302 1148 bonis
318 1105 523 1168 pauperum.
546 1085 594 1148 Et
611 1105 651 1148 ex
666 1084 744 1148 istis
759 1093 859 1168 patet
881 1085 994 1149 tercio
1017 1106 1120 1169 quam

135 1190 227 1252 nuda
258 1188 353 1253 foret
386 1189 542 1272 argucia:
574 1189 739 1253 Romana
777 1189 929 1253 ecclesia
965 1209 1037 1253 non
1074 1191 1119 1252 ab

135 1293 308 1374 apostolis
324 1294 389 1356 sed
405 1295 448 1356 ab
472 1293 552 1376 ipso
570 1293 724 1357 Domino
744 1293 932 1376 primatum
955 1292 1119 1368 obtinuit,

135 1397 243 1480 igitur
270 1397 383 1461 omnis
406 1397 591 1460 Romanus
620 1397 786 1479 pontifex
809 1399 867 1460 vel
897 1397 985 1461 alius
1011 1397 1121 1459 debet

95 1501 169 1563 roin
193 1501 307 1584 gloria
329 1502 503 1564 mundana
525 1503 723 1584 precellere
747 1501 805 1564 vel
832 1500 1037 1565 seculariter
1060 1501 1119 1563 do·

134 1605 266 1682 minari,
300 1605 385 1688 quin
417 1606 544 1687 pocius
573 1626 620 1668 ex
648 1606 794 1668 decreto
830 1604 990 1687 sequitur
1023 1604 1120 1686 quod

134 1709 318 1773 Romanus
329 1708 495 1792 pontifex
513 1718 655 1773 tenetur
671 1709 806 1773 servire
815 1707 864 1772 illi
878 1709 1025 1791 populo,
1048 1728 1120 1771 non

135 1814 202 1877 sibi
226 1813 439 1878 dominando
463 1815 522 1877 vel
545 1813 661 1897 ipsum
678 1813 945 1895 suspendendo,
969 1813 1035 1876 sed
1050 1832 1119 1895 pro

132 1918 192 1981 illo
210 1917 404 1982 efficaciter
419 1920 613 1994 exorande,
629 1926 668 1981 ut
683 1918 816 1999 allegat
826 1917 972 1980 Paulum
989 1917 1119 1981 fecisse

94 2022 237 2088 15R0m.
270 2022 398 2105 primo:
431 2021 542 2100 Licet,
574 2022 698 2105 inquit,
732 2041 798 2104 pro
831 2021 995 2084 omnibus
1027 2022 1120 2104 apud

132 2126 323 2189 Dominum
346 2125 499 2190 omnium
523 2135 725 2189 sanctorum
758 2123 958 2189 effundatur
990 2125 1119 2204 oracio,

131 2231 198 2293 biis
231 2238 347 2293 tamen
379 2230 501 2295 verbis
533 2230 665 2293 Paulus
696 2229 922 2293 beatissimus
945 2229 1120 2292 Romanis

132 2335 279 2417 proprio
297 2334 523 2420 cyrographo
540 2334 730 2417 pollicetur
744 2333 882 2397 dicens:
911 2333 1013 2397 Testis
1030 2335 1118 2397 enim

132 2440 236 2506 michi
251 2444 298 2502 est
315 2439 419 2519 Deus,
442 2441 498 2502 cui
512 2441 623 2502 servio
639 2441 675 2502 in
698 2440 823 2522 spiritu
846 2457 931 2514 meo,
954 2439 991 2501 in
1013 2457 1118 2500 evene

91 2545 218 2623 20gelio
233 2544 308 2623 filii
330 2546 413 2625 eius,
436 2544 527 2624 quod
547 2544 621 2607 sine
644 2544 896 2607 intermissione
911 2543 1119 2606 irremoriem

132 2649 235 2710 vestri
253 2645 353 2727 socio
380 2667 512 2729 semper
534 2649 570 2711 in
594 2648 810 2711 oracionibus
837 2648 932 2712 meis.
971 2645 1029 2708 Ex
1050 2646 1119 2710 isto

133 2751 279 2814 decreto
303 2751 444 2815 videtur
467 2749 560 2835 quod
575 2771 668 2834 papa
683 2752 881 2815 Anacletus
896 2749 1010 2814 noluit
1025 2769 1118 2813 asse-

133 2875 212 2917 rere
245 2857 343 2938 quod
373 2856 452 2939 ipse
486 2855 610 2920 debuit
644 2876 752 2938 super
786 2875 909 2919 omnes
938 2853 1024 2918 alios
1058 2855 1119 2918 do-

134 2959 256 3022 minari
280 2959 429 3023 civiliter
445 2961 504 3022 vel
520 2959 708 3043 primatum
723 2961 854 3023 habere
871 2959 987 3042 quoad
1003 2959 1119 3021 Deum

92 3075 244 3145 23super
275 3084 399 3128 omnes
430 3064 513 3128 alias
546 3083 718 3147 personas
747 3062 901 3126 ecclesie
929 3062 1119 3139 militantis,

135 3167 216 3250 quia
239 3168 289 3231 sic
313 3169 496 3251 querendo
520 3168 667 3251 gloriam
698 3168 887 3250 propriam,
920 3175 959 3229 ut
992 3166 1120 3230 dicitur

134 3272 214 3352 Joh.
239 3272 283 3350 V,
320 3275 468 3338 haberet
506 3273 645 3355 signum
684 3271 987 3336 evidentissimum
1019 3270 1118 3335 Anti·

135 3376 265 3453 christi,
281 3397 364 3460 ymo
381 3376 586 3440 Bonifacius
601 3375 700 3440 VIII.
717 3376 753 3439 in
778 3396 841 3440 sua
862 3384 1119 3459 extravagante

138 3479 248 3544 Unam
276 3487 432 3545 sanctam
461 3502 531 3544 non
555 3482 709 3545 audebat
732 3500 907 3564 expresse
921 3480 1009 3543 illud
1025 3499 1117 3543 asse·

91 3600 123 3650 30
133 3605 222 3660 rere,
246 3586 325 3667 quia
348 3595 418 3648 tam
441 3585 566 3649 fideles
586 3605 689 3669 quam
712 3585 875 3649 infideles
897 3584 1120 3667 pertinenter

46 3702 106 3752 218⁸
134 3688 201 3752 sibi
230 3690 427 3753 obicerent:
460 3689 507 3752 Tu
527 3690 531 3774 Ι
551 3692 592 3754 de
619 3696 649 3754 te
676 3691 750 3772 ipso
777 3691 1009 3754 testimonium
1032 3708 1117 3771 per-

132 3795 232 3868 hibes,
255 3796 485 3860 testimonium
508 3800 605 3858 tuum
628 3813 695 3858 eon
719 3801 767 3858 est
789 3814 917 3858 verum.
955 3793 1059 3857 Unde
1082 3794 1118 3856 in

133 3898 234 3961 istam
257 3899 534 3982 perplexitatem
557 3921 604 3963 ex
627 3899 816 3963 dotacione
840 3909 877 3961 et
896 3898 1118 3962 exaltacione

134 4003 264 4068 cesaris
285 4004 517 4069 involvuntur
535 4003 692 4068 Romani
714 4003 915 4087 pontifices,
939 4004 1037 4086 quod
1058 4002 1116 4066 im·

186 4261 209 4296 2.
227 4247 284 4297 Act.
304 4246 322 4315 1,
343 4244 382 4297 18.
455 4246 494 4300 18.
518 4248 596 4299 Rom.
615 4246 634 4314 1,
657 4262 682 4315 9.
755 4260 795 4311 ²9-
819 4247 925 4300 Extrov.
949 4245 1054 4298 Comm.
1078 4245 1117 4295 De

134 4335 278 4385 Maioritete
296 4344 322 4384 et
340 4334 502 4385 obediencie
521 4335 539 4399 1,
558 4335 624 4403 Vlll,
644 4345 667 4389 1.
