3008 5026
149 377 307 457 cneum]
450 392 494 442 oe
512 389 724 441 Poresrnrs
744 389 842 442 pnes.

151 548 370 622 Antichristi‚
387 554 647 630 persequentes
665 544 859 609 ecclesiam.
879 554 915 609 et
924 552 1141 627 receperunt

149 655 346 717 mandatum
371 652 561 716 aDomino
588 651 639 714 sic
662 661 813 714 tractare
836 653 961 714 hostes
978 649 1139 729 ecclesie,

149 780 214 842 pro
247 757 347 821 cuius
379 757 619 839 prosperitate
652 757 845 819 secundum
868 754 1077 838 religionem
1102 762 1139 817 et

147 862 411 927 institucionem
445 860 585 937 Christi,
624 861 705 924 dum
745 867 846 923 erant
876 858 960 939 vivi,
999 879 1018 921 a
1055 860 1137 921 Deo

124 982 137 1033 5
150 969 363 1030 zelaverunt.

192 1072 293 1151 Item,
316 1079 417 1135 notat
438 1072 497 1134 lex
525 1070 687 1152 ecclesie,
712 1070 892 1153 quomodo
912 1067 1138 1132 Marcellinus
1148 1075 1355 1174 nni‘i'fnmiiim

149 1177 342 1259 episcopus
369 1175 466 1238 urbis
490 1176 619 1253 Rome,
653 1174 713 1258 qui
741 1174 835 1238 foret
862 1176 936 1237 dux
960 1172 1139 1236 christiani
1153 1182 1180 1226 or
1191 1181 1348 1227 marcelinus.

149 1280 328 1343 exercitus
352 1279 566 1343 thurificavit
581 1278 709 1362 ydolis,
733 1288 772 1341 ut
791 1286 890 1360 patet
905 1277 1138 1341 distinccione

149 1385 243 1447 XXI
272 1384 371 1449 Nunc
397 1391 513 1448 autem
539 1386 669 1465 divina,
702 1383 764 1446 ubi
791 1382 877 1445 dicit
903 1384 1024 1465 glossa
1048 1383 1138 1447 ordi·

108 1521 138 1554 lo
147 1490 243 1553 naria
281 1491 378 1573 quod
420 1491 561 1553 consilio
596 1493 800 1570 congregato
837 1488 1010 1568 'consessus
1050 1490 1140 1569 quod

147 1596 283 1676 fecerat
314 1601 343 1658 et
374 1597 410 1658 in
441 1615 477 1657 sc
507 1596 582 1659 tulit
604 1595 810 1658 sentenciam
842 1594 1078 1675 deposicionis,
1111 1598 1141 1656 ct

148 1708 233 1782 post
248 1701 297 1780 (ut
313 1701 407 1780 reor)
432 1707 563 1762 exutus
580 1700 623 1762 ab
640 1699 700 1761 illo
718 1697 837 1761 officio
861 1700 998 1762 veniens
1020 1717 1139 1762 coram

147 1804 381 1882 Dyocleciano,
414 1802 588 1883 consessus
615 1810 663 1867 est
689 1823 724 1866 sc
750 1815 822 1868 esse
845 1804 1070 1866 christianum
1103 1809 1141 1867 e't

148 1917 280 1991 martyr
304 1908 453 1971 effectus
477 1916 547 1982 est;
573 1908 804 1972 considerans
821 1908 914 1972 enim
934 1927 1032 1971 suam
1048 1909 1139 1969 blas·

108 2013 274 2079 15femam
297 2012 501 2077 vecordiam
524 2012 560 2075 in
584 2022 716 2095 papatu
741 2022 776 2075 et
799 2031 992 2095 preparans
1017 2031 1141 2094 seper

149 2117 431 2181 satisfaccionem
455 2119 499 2180 ad
522 2117 736 2200 martyrium,
768 2139 832 2201 pro
860 2116 990 2180 nichilo
1015 2115 1141 2180 habuit

148 2221 348 2285 huiusmodi
381 2221 604 2304 dignitatem
636 2221 763 2286 diebus
788 2230 904 2284 autem
928 2220 1069 2298 nostris,
1102 2229 1140 2283 ut

148 2327 228 2408 plus
249 2325 478 2389 involverunt
493 2346 533 2389 se
550 2326 699 2389 seculari
716 2324 870 2388 dominio
887 2333 970 2388 sunt
984 2323 1140 2407 peiores,

148 2432 230 2512 quia
253 2429 413 2493 Christus
445 2450 518 2492 non
551 2430 686 2493 diceret
718 2431 763 2493 de
798 2429 864 2493 eis:
902 2427 1029 2492 Omnia
1060 2449 1140 2510 que-

105 2553 288 2614 zosimique
303 2535 450 2597 dixerint
465 2535 694 2615 vobis,sdciic.
718 2534 796 2597 Nec
814 2534 863 2597 illi
879 2544 918 2597 ut
933 2534 1141 2597 sacerdotes

148 2637 238 2720 legis
266 2638 402 2701 veteris
430 2647 556 2720 putant
582 2640 715 2702 habere
738 2638 846 2702 vitam
870 2648 1078 2722 perpetuam
1105 2637 1141 2702 in

149 2742 332 2824 scriptura,
354 2763 430 2805 cum
448 2762 496 2806 ex
512 2743 588 2806 eius
604 2743 812 2826 ignorancia
827 2743 927 2806 multi
946 2743 1142 2806 antichristi

58 2860 121 2912 208⁶
150 2847 280 2909 cadunt
303 2846 337 2909 in
358 2848 484 2910 multas
501 2846 703 2911 blasfemias
724 2847 728 2931 Ι
749 2857 785 2910 et
802 2867 849 2909 ex
865 2847 1039 2929 scripture
1057 2867 1140 2909 con-

150 2959 286 3032 temptu
309 2953 447 3030 multos
477 2951 537 3034 qui
560 2951 619 3034 pie
642 2951 768 3015 vivere
791 2953 918 3015 volunt
944 2951 980 3014 in
1000 2951 1141 3016 Christo

106 3065 419 3138 25persequuntur,
442 3056 601 3120 nituntur
621 3056 713 3119 enim
730 3056 796 3119 viis
820 3055 926 3119 variis
949 3057 1078 3136 facere,
1103 3065 1142 3119 ut

150 3161 338 3223 credantur
370 3162 468 3243 quod
500 3161 570 3224 sint
599 3169 705 3243 caput
732 3161 944 3225 universalis
978 3161 1141 3241 ecclesie,

151 3274 187 3327 et
213 3265 290 3346 ipsa
316 3263 461 3330 indubie
495 3275 551 3330 est
578 3275 663 3328 tunc
687 3286 766 3330 cum
789 3266 934 3349 paribus
972 3268 1143 3349 acephala

150 3371 269 3451 quoad
291 3369 399 3452 ipsos

193 3472 266 3538 Sed
305 3474 529 3558 Augustinus
567 3475 602 3537 in
641 3475 698 3537 De
730 3474 863 3540 Verbis
899 3475 1044 3539 Domini
1081 3476 1143 3538 ubi

107 3594 139 3643 30
149 3597 267 3660 supra:
296 3579 395 3661 Quid,
418 3579 541 3662 inquit,
565 3581 623 3642 tibi
638 3580 727 3660 fecit
749 3583 889 3644 ecclesia
912 3587 948 3643 ut
968 3583 1143 3645 comoedis

149 3686 400 3763 quodammodo
437 3685 627 3748 decollare?
654 3687 721 3765 qui,
755 3684 878 3768 inquit,
904 3688 954 3750 sic
976 3688 1143 3749 decollare

203 3958 221 4001 6⁴
247 3957 287 4001 ΑΒ
309 3958 332 4001 in
354 3969 440 4012 murga
463 3957 615 4003 Marcellinus
634 3971 697 4012 papa
715 3958 870 4013 ydolatravit.
928 3972 961 4004 12.
984 3959 1015 4003 B:
1036 3965 1139 4005 exustus.

154 4026 186 4070 18.
203 4025 292 4070 Cocid:
308 4027 332 4069 in
346 4028 458 4070 seculari.
513 4028 550 4072 26.
566 4028 607 4072 ΑΒ
622 4041 683 4084 arg:
701 4029 777 4081 Caput
790 4030 893 4073 ecclesie.

202 4168 226 4219 n.
246 4153 309 4218 Cap.
330 4154 383 4204 Vll.
412 4153 452 4205 Cf.
477 4154 600 4204 Glorssm
623 4155 784 4204 ordinarium
809 4157 850 4208 ed.
869 4158 935 4209 Ven.
956 4155 1030 4225 1595,
1054 4172 1079 4222 p.
1099 4171 1142 4224 91.

155 4254 191 4304 ¹9·
211 4239 301 4288 Metth.
320 4240 408 4292 lllllll.
427 4251 451 4303 3.
524 4242 564 4293 30.
584 4243 669 4294 Serm.
683 4241 776 4292 CXXX
791 4243 829 4292 De
842 4243 921 4294 Verb.
934 4242 994 4294 Joh.
1007 4244 1051 4295 Vl.
1070 4243 1141 4310 Opp.

149 4335 212 4374 tom.
233 4327 263 4389 V,
283 4325 342 4390 637.
415 4329 455 4379 31.
474 4329 567 4378 Sermo
587 4328 677 4379 XLVI.
698 4328 769 4394 Opp.
787 4339 852 4382 tom.
871 4332 902 4393 V,
924 4333 984 4385 230.
