3008 5026
177 411 245 455 «uu.
266 396 327 478 rut
478 416 522 462 un
542 411 751 463 rot‘r·;s'1·.rr1·:
772 411 869 462 ritui.
1330 395 1390 472 387

222 573 388 636 Secunda
442 572 538 652 quod
591 572 786 633 mundanos¹
839 570 996 632 honores
1049 578 1170 630 eontra
1207 581 1371 676 ²'9'³ffl}³.⁰'

180 676 357 740 Christum
387 685 423 737 et
449 676 636 756 apostolos
665 682 799 736 tantum
832 672 1009 736 affectant.
1048 671 1173 736 Debet
1229 645 1342 739 itini,

181 781 274 844 enim
304 781 477 855 recolere,
511 778 592 861 quia
621 799 668 841 ex
695 779 821 842 Matth.
845 777 923 840 XX
952 778 1062 840 debet
1091 796 1171 839 esse

182 884 345 948 omnibus
368 885 535 947 fratribus
552 883 625 947 suis
641 903 778 960 servus,
802 885 895 946 unde
913 881 1110 965 Gregorius
1127 881 1171 944 Il.

157 991 354 1053 §Pastorai
380 988 445 1051 VI:
484 990 615 1064 Petrus,
648 988 771 1071 inquit,
803 993 923 1052 uictore
956 987 1026 1051 Deo
1059 992 1176 1050 sancte

184 1097 318 1158 ecclesie
335 1096 574 1176 principatum
597 1100 711 1157 tenens
733 1113 756 1157 a
775 1095 854 1157 beue
869 1098 988 1174 agente
1006 1089 1177 1168 Cornelio,

184 1205 213 1263 el
250 1219 321 1262 sese
358 1201 389 1262 ei
424 1200 600 1262 humiliter
637 1203 881 1279 prosternente,
919 1198 1177 1260 imnoderncius

92 1309 156 1376 257¹·
184 1306 345 1367 neuerari
376 1307 546 1367 recusauit
578 1323 676 1385 seque
707 1304 760 1366 illi
780 1303 784 1387 Ι
804 1305 953 1367 similem
985 1303 1177 1382 recognovit

185 1411 316 1474 dicens:
345 1407 466 1490 Surge,
494 1429 535 1472 ue
554 1408 695 1486 seceris,
723 1414 752 1472 ct
780 1424 839 1489 ego
868 1409 941 1489 ipse
966 1408 1066 1471 homo
1089 1425 1177 1468 sum.

146 1515 272 1577 tosicnt
294 1519 324 1575 et
346 1519 391 1576 tu.
414 1513 520 1576 Patet
541 1512 690 1576 historia
705 1513 786 1578 Act.
802 1511 851 1589 X,
870 1515 918 1576 26.
941 1512 987 1575 Et
1003 1510 1177 1593 sequitur:

188 1619 321 1682 Paulus
347 1619 426 1682 bene
448 1620 626 1699 agentibus
639 1618 818 1696 fratribus
842 1617 1018 1698 prelatum
1045 1633 1081 1679 se
1109 1632 1179 1678 esse

188 1725 363 1804 nesciebat,
386 1742 465 1785 cmu
487 1724 628 1786 diceret:
652 1721 728 1786 Non
746 1723 828 1803 quia
851 1723 1078 1784 dominamur
1090 1719 1180 1798 fidei

189 1832 295 1889 vestre
321 1828 381 1889 scd
411 1828 586 1890 adiutores
617 1846 739 1890 snmus
767 1828 892 1908 gandii
923 1826 1034 1890 uestri.
1072 1824 1179 1903 Atque

189 1932 279 1994 illico
302 1932 476 1994 adinnrit:
504 1932 545 1994 In
564 1933 640 2012 fide
663 1935 754 1996 euim
777 1933 885 2010 stalis,
913 1950 955 1995 ac
978 1933 1010 1994 si
1032 1932 1069 1993 id
1091 1930 1180 2008 quod

149 2041 177 2093 ι5
184 2036 385 2115 prenderat,
414 2037 562 2116 aperiret
590 2037 722 2100 dicens:
750 2036 830 2099 Ideo
858 2054 926 2099 riou
953 2036 1180 2098 dominamur

188 2139 276 2217 fidei
303 2146 419 2214 vestre,
452 2142 532 2220 qnia
552 2141 628 2220 fide
655 2142 771 2216 stalis;
802 2142 937 2220 equales
969 2140 1059 2202 enim
1088 2139 1180 2200 nolis

188 2262 320 2324 suucns,
349 2245 384 2305 iu
408 2263 472 2323 quo
496 2264 554 2307 uos
575 2250 669 2308 stare
696 2245 946 2325 cognoscimus
973 2243 1072 2323 qrtasi
1095 2261 1178 2322 pre-

189 2347 299 2410 latum
315 2367 350 2410 se
366 2367 435 2411 csse
442 2348 620 2426 fratribus
635 2350 809 2425 nesciebat,
830 2367 907 2411 cum
924 2349 1064 2411 diceret:
1086 2345 1181 2409 Facti

188 2470 310 2514 srumcs
324 2454 411 2515 sicut
423 2454 565 2533 paruuli
588 2455 624 2516 in
645 2454 756 2516 medio
772 2458 933 2533 uestrum,
952 2452 1075 2532 prima
1095 2450 1179 2514 Tess.

149 2555 236 2634 2011,
263 2557 292 2617 7.
331 2556 375 2618 Et
405 2576 554 2633 rursum,
586 2576 648 2620 nos
679 2562 794 2620 aretem
818 2576 933 2620 seruos
959 2561 1087 2620 vestros
1113 2574 1180 2636 per

193 2660 375 2725 Christum.
401 2661 530 2726 Patet.
551 2714 557 2727 .
575 2714 581 2726 .
599 2711 605 2725 .

233 2765 360 2829 Tereia
374 2777 429 2829 est
444 2767 542 2849 quod
559 2786 652 2848 papa
667 2765 835 2828 innitatur
849 2765 999 2828 seculari
1014 2764 1179 2828 dominio.
1234 2776 1253 2820 3.
1269 2779 1313 2822 anu
1329 2779 1356 2822 or

190 2868 294 2932 Unde
312 2870 509 2953 Gregorius
526 2871 586 2932 ubi
603 2890 723 2952 supra:
748 2868 798 2932 Ne
814 2872 1022 2951 presidentis
1038 2871 1180 2932 aninnrs
1215 2832 1305 2875 secunx
1320 2834 1376 2874 '‘¹¹‘'

190 2977 237 3036 ad
263 2976 447 3038 elacionem
471 2978 647 3056 potestatis
673 2995 733 3038 suc
760 2975 982 3038 delectacioue
1008 2975 1180 3056 rapiatur.

149 3079 307 3141 iiRecte
334 3080 577 3144 Ecclesiastici
600 3079 764 3154 XXXII,
793 3100 803 3140 1
832 3079 973 3142 dicitur:
997 3079 1127 3142 Ducem
1150 3084 1182 3142 lc

190 3190 384 3263 posuerant,
407 3187 477 3248 noli
499 3187 609 3248 extolli
640 3186 699 3247 sed
722 3189 789 3247 esto
813 3185 848 3246 in
872 3185 942 3247 illis
964 3186 1065 3264 qtrasi
1089 3202 1180 3246 errius

190 3306 228 3350 ex
250 3290 328 3351 illis
366 3288 459 3352 Hinc
488 3289 598 3352 eciam
623 3290 751 3351 Petrus
779 3287 840 3349 ait:
865 3287 941 3350 Nou
965 3290 1181 3351 dominantes

189 3393 226 3454 in
241 3395 329 3456 clero
345 3393 537 3474 sedforma
545 3395 638 3473 sacti
650 3396 778 3474 gregis.
803 3393 896 3455 Hine
916 3394 1024 3456 eciam
1049 3394 1180 3455 l'eritas

185 3515 251 3577 per
281 3500 500 3579 semetipsam
532 3500 629 3560 dicit:
658 3497 759 3561 Scitis
789 3499 871 3577 apua
898 3499 1074 3578 principes
1092 3509 1177 3577 geu-

149 3601 282 3664 socium
309 3603 535 3665 dominantur
562 3621 690 3679 carlini,
725 3620 793 3664 non
826 3603 876 3663 sic
904 3603 968 3664 crit
995 3602 1086 3663 inter
1112 3618 1179 3663 uos.

244 3868 259 3900 ι.
271 3855 346 3900 Codd.
356 3857 378 3900 in
388 3869 473 3911 τηεψ
485 3867 507 3902 2.
563 3857 584 3901 5.
594 3855 669 3901 Codd.
682 3868 816 3912 perperam:
829 3856 851 3899 ll
859 3856 921 3899 Post.
932 3855 1002 3899 XVII.
1058 3856 1080 3898 ti.
1089 3853 1178 3899 eoae:

189 3926 343 3970 benedicente.
435 3939 467 3970 ιο.
493 3926 582 3970 Codd.:
607 3927 721 3970 Historia.
819 3939 849 3970 ιι.
872 3927 962 3969 codd:
986 3925 1179 3969 benedicentibus.

191 4008 225 4038 ¹20.
237 3995 325 4038 (lodda
337 3997 415 4039 nestri.
466 4009 500 4040 21.
513 3997 590 4038 Putet
602 4031 606 4040 .
618 4029 622 4038 .
633 3997 713 4039 Adde:
724 3996 823 4038 historia
835 3997 855 4039 ll
863 3995 918 4040 Cor.
930 3995 966 4045 lt',
980 3995 999 4038 5.
1051 4007 1090 4038 υ.
1102 3994 1176 4038 (lond.

190 4067 211 4106 tu
226 4076 314 4119 murga
334 4077 357 4118 3.
415 4077 451 4118 ²4·
468 4066 496 4109 u:
518 4066 628 4121 rapiatur
646 4067 717 4109 deest
739 4067 759 4108 Α
779 4066 801 4108 iu
818 4077 891 4120 marg.
907 4065 979 4108 addit.
1036 4064 1072 4107 25.
1089 4063 1178 4107 codd:

188 4131 250 4176 licet.
266 4133 344 4176 XXXI.

241 4258 264 4314 5.
289 4259 409 4323 Gregorii
434 4258 471 4309 De
496 4260 566 4310 Cura
590 4260 717 4310 pistorali
743 4260 771 4322 ll,
796 4258 820 4310 6.
901 4275 940 4324 ¹4·
964 4260 983 4309 ΙΙ
1009 4259 1070 4312 Cor.
1094 4257 1113 4323 1,
1137 4259 1178 4311 ²3.

190 4345 231 4397 23.
250 4345 370 4410 Cep.Vt.
442 4358 483 4411 η.
503 4347 512 4396 t
532 4346 598 4397 Petri
620 4348 653 4411 V,
675 4349 697 4398 3.

1021 4428 1075 4482 25·
