3008 5026
717 407 886 461 scurrus
905 405 1046 459 wvctrr
1231 386 1316 476 [cea.
1337 402 1377 448 ιιι

391 567 577 632 ecclesiam
600 585 699 630 suam
722 585 741 629 a
763 565 940 649 principio
964 567 1145 642 oberasse,
1167 563 1199 627 si
1220 562 1280 626 isti
1294 561 1381 626 fidei

389 671 527 736 falsitas
550 672 596 736 sit
619 675 806 736 substrata.

233 791 320 834 veteru
434 776 535 856 Item,
558 776 717 840 secundo
734 795 781 838 ex
797 775 1025 859 opinionibus
1040 773 1140 838 Petri
1155 781 1242 857 post
1256 792 1381 837 ascen·

182 843 381 939 coiiiiii'ecdwanter
391 879 528 944 sionem
539 882 662 945 eadem
672 880 804 945 veritas
813 878 1048 964 probabiliter
1057 877 1222 943 convinci
1235 877 1380 962 poterit.

181 947 219 991 the
232 947 372 990 Ascension.
542 985 550 1001 ,
985 985 993 1000 .
1270 983 1278 998 .
1392 988 1403 1000 .

391 1006 470 1050 nam
485 987 553 1050 soh
567 985 678 1050 Petro
694 996 877 1051 ostensum
894 994 951 1051 est
971 986 1143 1050 lintheum
1165 986 1405 1048 submrssum>

392 1091 437 1154 de
461 1092 550 1170 celo,
580 1091 712 1175 inquo
737 1101 837 1155 erant
859 1091 976 1155 omnia
997 1089 1242 1175 quadrupedia
1266 1098 1304 1153 et
1324 1107 1381 1152 re·

391 1195 519 1279 pencia
540 1206 636 1261 terre
659 1205 696 1260 et
715 1196 871 1261 volatilia
895 1196 972 1279 celi,
995 1205 1035 1260 ut
1053 1204 1155 1279 patet
1174 1196 1257 1259 Act.
1273 1193 1322 1273 X,
1342 1212 1379 1274 ¹³

392 1309 430 1363 et
460 1299 528 1381 XI,
557 1322 573 1382 7
608 1310 645 1365 et
676 1300 746 1364 sibi
777 1301 845 1365 soli
875 1301 1007 1364 dictum
1037 1309 1094 1364 est
1124 1301 1170 1362 de
1190 1299 1195 1383 Ι
1215 1298 1381 1363 omnibus
1411 1320 1419 1356 ι

390 1403 458 1467 illis
482 1405 702 1469 animalibus:
730 1403 843 1488 Surge
867 1406 976 1482 Patre,
1003 1405 1115 1469 occide
1140 1409 1171 1468 et
1193 1404 1380 1468 manduca.

175 1521 233 1617 ,ἐξίει
244 1520 369 1617 fviiiTne‘ii
391 1508 578 1574 Lintheum
602 1519 719 1574 autem
735 1519 888 1593 quatuor
902 1509 1017 1573 iniciis
1033 1507 1247 1572 submissum
1262 1507 1383 1590 signat
1393 1529 1421 1566 m

228 1585 244 1630 ⁸
373 1606 618 1698 'superficiem
659 1623 755 1678 terre
800 1614 1001 1679 habitabilis
1044 1613 1236 1692 hominum,
1281 1611 1381 1676 cuius

391 1718 563 1801 planicies
580 1727 637 1783 est
652 1727 823 1783 contexta
843 1730 880 1783 et
895 1719 977 1783 trita
993 1728 1032 1783 ut
1048 1718 1219 1783 lintheum
1235 1719 1381 1781 descen·

392 1825 500 1888 dente
523 1821 710 1886 influencia
726 1823 793 1886 celi
814 1826 858 1886 ab
875 1823 1025 1906 oriente,
1048 1822 1248 1903 occidente,
1270 1822 1384 1884 borea

392 1936 430 1990 et
452 1935 572 1991 austro
583 1927 628 1989 ad
648 1928 917 2010 temperandum
933 1927 1001 1992 soli
1016 1925 1204 2010 planiciem
1220 1927 1264 1989 ad
1279 1944 1382 1988 usum

391 2030 579 2095 hominum.
603 2029 668 2092 Illa
691 2039 808 2094 autem
831 2030 898 2095 tria
919 2050 1054 2114 genera
1081 2029 1278 2093 animalium
1300 2031 1421 2092 sub-15

177 2145 382 2242 ⁵¹⁸¹”Jffiogfffl‘
392 2134 498 2198 missa
527 2133 564 2197 in
595 2133 728 2199 lintheo
761 2135 903 2219 signant
930 2155 997 2218 per
1020 2135 1180 2198 ordinem
1202 2134 1382 2198 seculares

317 2232 322 2243 ’
393 2238 555 2301 dominos
588 2247 627 2302 ut
668 2239 921 2323 quadrupedia,
964 2240 1095 2322 vulgus
1127 2248 1167 2303 ut
1197 2248 1293 2303 terre
1328 2256 1382 2301 re·

392 2343 529 2426 pencia,
553 2351 591 2406 et
613 2343 746 2407 clerum
770 2352 809 2406 ut
822 2343 980 2407 volatilia
1001 2343 1038 2406 in
1054 2342 1383 2407 consideracionem

393 2447 703 2530 contemplativam
725 2457 927 2532 temporum
948 2448 1118 2512 volancia.
1142 2448 1216 2512 Ista
1238 2446 1384 2531 quidem

392 2552 458 2616 tria
495 2571 631 2635 genera
665 2553 847 2617 hominum
885 2553 1066 2637 integrant
1106 2552 1242 2616 incolas
1278 2551 1384 2615 huius
1394 2575 1421 2612 ιι

392 2656 522 2720 mundi.
546 2656 675 2721 Petrus
698 2667 816 2722 autem
839 2658 995 2722 surrexit
1017 2667 1170 2722 armatus
1190 2656 1384 2722 virtutibus

395 2771 430 2824 et
453 2760 586 2825 occidit
601 2763 646 2825 de
665 2762 744 2827 istis
766 2762 881 2827 tribus
898 2763 1103 2846 generibus,
1127 2782 1207 2826 cum
1229 2761 1386 2826 extinxit

393 2865 429 2928 in
460 2865 512 2929 eis
544 2867 819 2931 mundialitatem
847 2877 885 2931 et
916 2868 1002 2933 fecit
1033 2887 1098 2932 eos
1124 2888 1198 2932 non
1224 2867 1385 2932 homines

394 2972 513 3053 quoad
529 2974 706 3040 mundum.
731 2971 791 3038 Sic
812 2973 904 3037 enim
936 2972 1108 3057 accipitur
1129 2975 1237 3037 homo
1262 2973 1386 3056 sepius

393 3074 429 3137 in
452 3076 638 3160 scriptura,
662 3087 702 3142 ut
724 3087 826 3161 patet
847 3077 872 3142 L
890 3077 1047 3142 Corinth.
1064 3078 1129 3158 III,
1146 3099 1180 3159 3:
1207 3076 1295 3143 Cum
1317 3079 1421 3142 sinte}

393 3180 563 3245 intervos
588 3184 679 3246 zelus
705 3189 737 3246 et
760 3184 940 3264 contencio,
972 3201 1083 3246 nonne
1114 3185 1274 3247 carnales
1305 3184 1386 3247 estis

394 3291 424 3348 et
454 3288 641 3351 secundum
671 3289 844 3352 hominem
876 3289 1086 3353 ambulatis?
1122 3287 1229 3351 Unde
1257 3291 1385 3352 beatus

394 3388 524 3454 Petrus
541 3394 654 3455 verbo
672 3401 709 3456 et
725 3412 837 3476 opere
853 3392 1108 3476 interpretatus
1127 3392 1194 3458 fuit
1209 3392 1385 3456 visionem

395 3494 669 3577 ymaginativam
693 3497 852 3560 adhunc
876 3516 1030 3578 sensum,
1054 3498 1152 3581 quod
1171 3498 1385 3561 manducare

396 3617 497 3661 suum
530 3610 606 3665 erat
637 3620 831 3684 perversos
863 3621 978 3665 mores
1006 3601 1043 3664 in
1071 3601 1123 3665 eis
1151 3602 1421 3686 prescindere3‹

396 3712 433 3766 et
456 3722 519 3766 eos
535 3704 770 3787 personaliter
785 3706 1014 3788 incorporare
1032 3706 1199 3779 ecclesie;
1225 3706 1276 3770 sic
1293 3705 1386 3770 enim

397 3805 482 3870 dicit
498 3806 658 3872 Christus
678 3809 756 3887 Joh.
776 3808 838 3891 IV,
860 3830 917 3890 32:
940 3809 1013 3892 Ego
1029 3811 1256 3875 cibumhabeo
1280 3830 1385 3875 man·

396 3912 523 3975 ducare
537 3931 636 3993 quem
651 3932 711 3977 vos
731 3915 875 3978 nescitis.
894 3912 1047 3996 Quando
1064 3914 1157 3978 enim
1173 3915 1386 3999 predicator,

397 4015 457 4097 qui
473 4013 697 4079 Canticorum
713 4016 775 4100 IV,
792 4038 808 4080 2
834 4018 963 4082 dicitur
978 4021 1092 4083 dentes
1110 4038 1240 4101 sponse,
1264 4020 1385 4104 gladio

396 4119 542 4203 spiritus
566 4121 698 4186 occidit
721 4124 959 4189 carnalitatem
984 4134 1020 4188 et
1043 4144 1106 4188 ore
1129 4125 1282 4188 ecclesie
1304 4133 1421 4190 con-33

396 4223 480 4286 terit
512 4224 555 4286 ad
586 4225 823 4307 penitenciam
856 4229 1135 4292 convertendos:
1168 4237 1253 4293 tunc
1286 4230 1385 4314 spiri·

397 4327 538 4391 tualiter
571 4330 726 4394 comedit
758 4352 952 4396 conversos
986 4332 1209 4397 assimilando
1248 4354 1312 4398 eos
1349 4335 1385 4400 in
