3008 5026
181 393 248 437 cae
268 377 324 465 ιν]
483 397 526 446 ne
547 393 758 446 Potestne
779 394 875 446 enee.

180 555 224 616 Et
262 564 365 637 patet
397 554 555 616 secundo
590 553 770 636 quomodo
813 551 972 614 (hristus
1009 560 1171 634 tempore

181 681 252 743 quo
276 658 430 741 apostoli
454 658 565 740 magis
588 657 799 736 recolerent,
824 655 922 718 dedit
946 655 997 718 eis
1018 674 1171 738 prepon-

181 766 363 826 derantem
381 761 608 842 sentenciam,
632 761 810 844 quomodo
828 759 981 823 fideliter
1000 760 1172 822 docerent

181 869 353 951 populum
388 888 434 929 ex
458 867 601 949 integro
625 885 770 927 servare
793 865 957 927 mandata
974 873 1010 927 et
1026 863 1171 926 consilia

158 980 245 1035 §sua
278 991 348 1054 que
381 973 424 1033 ad
457 973 526 1032 hoc
551 989 613 1033 eos
639 969 771 1032 docuit.
810 967 934 1031 Omnis
967 967 1057 1030 enim
1081 988 1172 1053 gens

105 1080 156 1133 180·
183 1079 292 1139 debet
311 1096 455 1138 servare
470 1076 548 1158 ipsa
565 1074 599 1137 in
618 1094 685 1136 una
701 1083 803 1155 parte
825 1074 829 1156 l
849 1075 906 1135 vel
923 1073 998 1135 alia.
1022 1071 1170 1153 Quidam

182 1191 298 1245 tamen
329 1182 572 1263 apostolorum
602 1191 833 1262 peragrarunt
859 1180 979 1260 plures
1003 1178 1171 1259 regiones·

185 1297 219 1348 et
244 1286 385 1370 quidam
403 1285 599 1368 pauciores,
625 1297 663 1347 ut
679 1283 820 1364 PauluS,
845 1283 904 1366 qui
916 1287 997 1365 plus
1016 1285 1172 1348 omuibus

182 1393 361 1464 laborauit,
378 1390 536 1452 visitavit
553 1389 786 1470 corporaliter
804 1403 838 1450 et
856 1389 1035 1452 convertit
1051 1390 1171 1471 plures

148 1526 173 1557 ιιι
183 1495 392 1579 provincias.
416 1495 461 1557 Et
486 1495 646 1557 breuiter
671 1494 815 1557 cuilibet
839 1496 1001 1577 apostolo
1018 1495 1076 1555 vel
1096 1493 1172 1555 eius

183 1600 314 1663 vicario
339 1599 405 1663 fuit
429 1601 558 1662 nedum
581 1599 723 1679 licitum,
758 1600 821 1661 sed
854 1600 1010 1662 debitum
1037 1607 1170 1660 tantum

184 1707 227 1767 de
259 1707 395 1788 populo
420 1706 479 1767 vel
511 1713 605 1767 terra
638 1715 849 1767 convertere
875 1706 932 1766 vel
966 1704 1171 1767 confirmare

184 1811 217 1872 in
250 1811 320 1872 fide
350 1810 479 1873 Christi
516 1819 683 1892 quantum
717 1809 908 1888 sufficeret,
941 1819 977 1872 et
1011 1808 1171 1871 nonfuit

185 1915 368 1979 restriccio
394 1915 632 1978 iurisdicionis
650 1914 715 1977 nisi
734 1935 779 1977 ex
800 1914 1065 1977 insufficiencia.
1090 1913 1172 1975 Non

1208 1926 1243 1969 lie
1258 1938 1316 1980 gave
1331 1931 1362 1968 tto

1221 1978 1307 2034 charge
1322 1985 1346 2022 to

150 2019 276 2082 15enim
300 2019 386 2083 dicit
409 2019 633 2102 singulariter
657 2020 779 2083 Petro:
804 2020 895 2081 vade
922 2029 960 2081 tu
991 2028 1026 2080 et
1054 2016 1170 2098 singu·
1182 2030 1248 2074 Peter
1262 2037 1286 2073 to
1300 2032 1393 2074 control

183 2124 301 2187 lariter
343 2124 488 2207 predica
531 2124 598 2186 toti
636 2125 766 2186 mundo
810 2123 989 2206 limitaque
1032 2132 1171 2184 ceteros

185 2230 367 2312 apostolos
392 2237 558 2310 quantum
585 2232 651 2290 sub
675 2227 904 2291 iurisdicione
929 2248 989 2290 sua
1011 2229 1055 2290 de
1079 2236 1172 2289 terra

184 2336 241 2395 vel
286 2335 422 2416 populo
466 2333 673 2406 subiacebit,
719 2333 803 2413 quin
846 2332 973 2414 pocius
1017 2329 1171 2413 Spiritus

186 2437 337 2502 Sanctus
355 2437 445 2499 dixit
465 2437 576 2498 Paulo
601 2437 698 2518 quod
722 2437 922 2519 predicaret
946 2436 1056 2498 lacius
1079 2436 1173 2499 inter

149 2567 176 2599 20
186 2552 322 2625 gentes,
346 2541 455 2603 Petro
482 2561 569 2604 vero
594 2542 690 2623 quod
707 2541 869 2602 striccius
887 2541 955 2603 iret
974 2540 1008 2602 in
1026 2540 1171 2618 Judeos,

186 2658 333 2729 uterque
367 2654 481 2707 tamen
515 2646 607 2708 sicut
640 2666 763 2708 omnes
797 2645 950 2727 apostoli
984 2655 1019 2707 et
1052 2664 1171 2706 eorum

186 2750 305 2813 vicarii
329 2763 409 2812 sunt
435 2751 619 2812 debitores
649 2751 742 2812 omni
769 2750 911 2818 homini.
942 2758 979 2811 ut
1002 2749 1068 2810 sibi
1093 2769 1172 2831 pro·

187 2856 255 2918 sint
275 2855 409 2918 meliori
430 2855 536 2917 modo
558 2877 626 2937 quo
644 2856 811 2938 poterint.
828 2854 935 2917 Absit
953 2854 1036 2936 quin
1059 2862 1174 2915 rector

187 2961 241 3022 rel
277 2960 470 3043 episcopus
500 2960 629 3023 debeat
658 2961 833 3042 prolicere
862 2960 996 3042 populo
1036 2960 1080 3020 de
1110 2957 1175 3019 alia

149 3064 369 3146 :ffprarrochia
393 3065 468 3125 sive
495 3064 653 3145 dyocesi,
678 3074 714 3127 et
736 3064 770 3125 in
796 3085 877 3126 casu
914 3085 984 3146 quo
1010 3064 1174 3124 crederet

186 3171 264 3250 plus
288 3170 461 3251 prodesse
487 3169 639 3231 ecclesie
665 3179 700 3231 et
724 3171 865 3251 placere
887 3169 1038 3241 Christo
1064 3168 1174 3229 debet

186 3273 386 3356 parochiam
426 3294 520 3335 suam
561 3275 748 3338 dimittere,
790 3285 824 3335 et
864 3275 938 3336 aliis
976 3274 1010 3335 in
1044 3273 1172 3355 quibus

186 3378 297 3463 magis
328 3380 518 3462 proficeret
551 3399 589 3440 se
622 3380 733 3460 gratis
766 3379 967 3461 adiungere.
1007 3376 1079 3441 Sed
1103 3378 1169 3438 heu

185 3484 249 3546 ista
273 3485 442 3568 religiosa
473 3485 596 3564 regula
620 3485 777 3565 primeva
805 3484 1048 3566 temporalium
1075 3502 1172 3564 cupr-

147 3589 295 3652 3·›ditate
335 3589 574 3672 disrumpitur,
620 3602 655 3652 et
698 3590 809 3651 nostri
852 3600 991 3672 satrape
1031 3596 1173 3650 vertunt

186 3693 530 3776 evangelizacionem
575 3694 609 3755 in
654 3693 806 3775 pecunie
845 3693 1094 3755 colleccionem
1140 3702 1175 3753 et

186 3809 335 3880 propter
367 3808 529 3880 questum
566 3798 657 3860 circa
681 3797 808 3859 limites
831 3796 1067 3859 iurisdicionis
1093 3818 1173 3859 con·

185 3903 350 3974 tenditur,
382 3903 480 3965 cuius
506 3903 682 3966 civilitatis
708 3902 809 3984 origo
834 3902 962 3965 dicitur
990 3901 1131 3984 cepisse
1156 3922 1174 3962 a

185 4007 302 4089 capite
335 4006 499 4070 Romane
525 4008 686 4071 ecclesie.
724 4007 864 4069 Dicitur
897 4006 1046 4069 enimin
1070 4006 1174 4067 nobis

242 4297 257 4325 r.
279 4285 306 4324 n:
327 4290 431 4338 tempora
450 4285 524 4328 deest:
546 4287 565 4327 Α
586 4286 608 4327 in
630 4296 716 4339 ruargs
737 4286 843 4338 Apostoli
859 4284 988 4327 habueruut
1007 4294 1124 4326 recursum
1143 4283 1177 4325 ud

185 4361 257 4396 aarum
273 4356 358 4395 (ntem.
416 4368 448 4408 to.
464 4356 481 4396 Α
500 4356 521 4396 iu
539 4367 623 4408 lump:
640 4354 724 4396 Ilmlns
739 4354 817 4395 tanat
831 4353 1017 4396 turadia-nmen
1032 4352 1113 4395 latum.

1227 2083 1265 2126 the
1280 2084 1347 2126 otber

1230 2136 1341 2189 apostles.

1207 3396 1257 3438 Our
1274 3395 1371 3449 prelatus

1147 3481 1153 3493 .
1205 3449 1295 3503 quarrel
1311 3459 1366 3489 orer

1230 3501 1300 3543 limite
1315 3500 1341 3542 ot‘

1185 3554 1330 3599 irrriadictton
1347 3553 1383 3593 ior

1216 3609 1253 3650 lbc
1269 3606 1323 3647 sake
1338 3605 1363 3645 αι’

1257 3671 1319 3711 garn.
