3008 5026
195 395 263 441 cae
280 376 343 466 vu]
493 405 537 455 ne
556 403 769 457 Porssrave
788 404 885 458 paea.

194 578 326 641 ponere
357 560 522 628 fidelibus
554 582 684 646 graves
717 563 925 627 cerimonias
958 561 1066 626 eciam
1093 562 1183 626 ultra

194 663 283 727 ritus
297 667 480 750 iudaycos,
500 666 566 731 sed
581 667 657 731 sine
672 667 740 732 illis
757 669 816 731 vel
832 667 1043 732 obediencia
1058 677 1185 732 exacta

195 790 215 833 a
236 770 346 835 Petro
371 771 538 836 diffiniret
560 771 761 837 libertatem
785 792 906 836 eorum
928 781 1022 837 stare
1045 771 1081 836 in
1102 771 1183 850 isto,

196 878 291 959 quod
321 876 371 940 eis
400 885 436 940 et
463 877 632 958 gentibus
655 876 798 941 suffecit
819 878 865 941 ad
887 878 1037 941 salutem
1065 877 1184 960 gracia

170 978 326 1045 ⁵d0mini
349 980 457 1046 Ihesu
480 980 617 1046 Christi
661 981 709 1045 Et
734 990 821 1064 post
846 983 914 1045 hec
941 981 1099 1062 Jacobus
1126 1002 1182 1045 so·

196 1086 330 1149 cialiter
357 1094 394 1148 et
423 1085 620 1149 domestice
648 1086 838 1169 alloquitur
860 1087 1033 1170 populum
1058 1085 1093 1149 in
1115 1088 1183 1151 hec

193 1193 319 1254 verba:
354 1189 427 1253 Viri
448 1189 595 1270 fratres,
627 1190 744 1254 audite
766 1209 831 1272 me,
864 1187 992 1270 Symon
1024 1192 1184 1256 narravit

193 1296 359 1376 quomodo
369 1295 463 1359 Deus
479 1295 631 1359 visitavit
645 1313 781 1359 sumere
795 1315 834 1360 ex
846 1297 1004 1376 gentibus
1014 1297 1183 1378 populum

194 1397 327 1463 nomini
340 1419 418 1468 sm),-
436 1400 685 1482 propterquod
707 1413 767 1480 ego
784 1396 896 1464 iudico
912 1419 979 1464 non
999 1401 1184 1482 inquietari

154 1517 260 1583 ¹0eos,
283 1505 342 1584 qui
364 1505 578 1585 exgentibus
599 1509 848 1568 convertuntur.
883 1502 957 1568 Ubi
979 1512 1102 1567 notum
1126 1512 1184 1567 est

195 1609 291 1691 quod
315 1605 468 1691 Spiritus
492 1605 645 1672 Sanctus
673 1627 744 1672 non
767 1607 893 1672 scribit
920 1627 1000 1672 eum
1023 1607 1182 1673 beatissi-

194 1732 287 1775 mum
314 1732 442 1795 papam
468 1712 625 1792 Petrum,
658 1712 724 1775 sed
751 1720 859 1776 vocat
886 1732 966 1776 eum
989 1709 1184 1795 Symonem

195 1835 243 1878 ex
264 1815 458 1879 humilitate
476 1815 621 1895 socium,
645 1825 682 1879 et
702 1815 875 1896 Jacobum
899 1835 972 1879 non
995 1836 1043 1879 ex
1065 1825 1183 1881 aucto·

194 1920 298 1984 ritate
329 1920 439 1998 Petri,
471 1921 537 1984 sed
567 1921 712 1985 Domini
745 1921 796 1985 sic
827 1922 994 1998 locutum,
1033 1928 1070 1985 et
1099 1921 1183 1987 ideo

155 2025 182 2076 15
194 2024 419 2107 singulariter
434 2023 580 2107 dixisse,
597 2037 656 2107 ego
672 2027 795 2105 iudico,
810 2028 908 2109 quod
924 2028 1075 2090 verbum
1089 2024 1185 2091 foret

193 2128 299 2191 hodie
332 2128 489 2212 graviter
519 2138 558 2192 ut
590 2129 759 2194 rusticum
792 2138 828 2194 et
864 2129 1098 2194 inconsonum
1128 2151 1182 2195 re·

193 2235 390 2315 probatum.
427 2232 504 2295 Nec
532 2233 627 2295 valet
654 2234 808 2316 allegare
837 2242 960 2297 contra
989 2235 1182 2300 modernos
1208 2244 1385 2340 Peterglhtimted

194 2337 387 2420 episcopos
409 2337 535 2416 Jacobi
557 2338 788 2417 sanctitatem,
815 2338 897 2422 quia
918 2346 1053 2402 tantum
1077 2338 1184 2403 distat
1218 2309 1378 2395 335⁰„ssssss

193 2461 285 2524 papa
308 2461 327 2503 a
343 2440 531 2505 sanctitate
547 2441 656 2520 Petri,
680 2441 740 2525 qui
755 2461 822 2504 nec
839 2442 875 2505 in
890 2444 959 2505 hoc
975 2442 1184 2525 reprobavit

150 2546 365 2624 ²0Jacobum
388 2565 455 2608 nec
487 2545 687 2609 vendicavit
719 2548 816 2629 quod
832 2566 877 2608 ex
895 2565 959 2609 sua
975 2546 1183 2609 auctoritate

193 2650 346 2728 Jacobus
371 2648 422 2712 sic
445 2650 621 2732 loquatur.
646 2649 747 2715 Sicut
768 2650 878 2732 igitur
898 2649 1063 2733 episcopi
1077 2652 1185 2734 longe

195 2761 277 2817 sunt
300 2775 321 2816 a
343 2753 529 2818 sanctitate
551 2754 688 2835 Jacobi,
716 2755 767 2818 sic
795 2774 890 2838 pape
919 2753 1021 2817 nimis
1049 2754 1184 2819 distant

194 2857 425 2921 asanctitate
448 2857 555 2931 Petri.
592 2859 696 2924 Unde
727 2859 837 2941 igitur
869 2878 962 2942 pape
995 2857 1185 2922 auctoritas

194 2963 237 3024 ad
274 2961 532 3027 vendicandum
573 2964 618 3027 de
665 2962 847 3047 episcopis
890 2961 987 3046 quod
1019 2982 1092 3025 non
1131 2970 1186 3026 est

152 3079 182 3129 25
196 3068 433 3148 exemplatum
471 3066 506 3130 in
544 3067 773 3132 iurisdicione
809 3066 911 3129 Petri
947 3087 1057 3150 super
1098 3067 1185 3131 alios

194 3179 338 3234 sanctos
362 3172 547 3253 apostolos
572 3171 632 3236 vel
661 3173 881 3234 conversos?
913 3170 1043 3234 Petrus
1067 3179 1185 3235 autem

195 3274 323 3336 nullam
348 3273 628 3339 dominacionem
652 3274 855 3340 vendicavit
878 3294 987 3358 super
1009 3274 1098 3340 alios
1120 3275 1184 3339 fra·

195 3386 269 3441 tres
293 3398 388 3455 suos,
410 3378 477 3442 sed
499 3382 665 3464 apostolo
688 3379 965 3463 reprehendenti
987 3378 1105 3462 ipsum
1125 3381 1184 3443 hu·

106 3491 168 3546 200⁶
195 3481 324 3545 militer
343 3481 348 3568 Ι
369 3483 537 3550 obedivit.
576 3484 734 3548 Recolat
755 3483 865 3569 igitur
887 3502 980 3567 papa
1003 3486 1184 3566 quomodo

153 3602 300 3651 sonemo
324 3588 434 3652 debet
456 3589 525 3654 sibi
548 3588 707 3670 obedire,
734 3587 801 3651 nisi
824 3586 870 3650 de
894 3597 1028 3670 quanto
1052 3597 1092 3651 ut
1114 3589 1185 3653 Dei

196 3710 367 3772 organum
398 3692 529 3757 dixerit
559 3694 677 3775 legem
710 3712 816 3771 suam,
848 3711 915 3756 nec
944 3699 1086 3754 tenetur
1118 3691 1186 3757 sibi

197 3795 354 3876 credere,
390 3797 458 3861 nisi
489 3797 534 3860 de
567 3806 699 3881 quanto
732 3804 875 3860 tenetur
908 3796 1055 3859 credere
1087 3796 1185 3879 quod

196 3900 297 3963 Deus
323 3900 359 3963 in
385 3901 466 3985 ipso
493 3901 666 3985 loquitur3
694 3911 731 3964 et
757 3902 826 3965 hoc
854 3899 1015 3965 movebit
1038 3920 1117 3964 eum
1141 3900 1185 3963 ad

198 4005 418 4086 allegandam
454 4008 573 4089 legem
604 4005 758 4083 Domini,
796 4005 831 4068 in
870 4023 940 4087 qua
977 4012 1035 4067 est
1071 4004 1184 4068 omnis

249 4210 286 4256 3³.
303 4211 393 4256 Cotid:
409 4212 526 4257 movebat.

250 4354 273 4402 7.
291 4339 348 4388 Act.
367 4339 420 4399 XV,
444 4338 481 4395 13,
505 4353 542 4400 14,
565 4351 602 4404 19.
