3008 5026
178 369 238 441 3¹8
717 384 885 434 tonsurus
906 384 1044 435 wreus
1226 364 1309 450 [can.
1330 382 1381 426 rur.

435 540 482 601 Et
517 547 685 621 quantum
718 540 762 601 ad
799 541 917 624 legem
953 539 1101 617 civilem,
1139 548 1240 623 patet
1284 543 1384 623 quod

190 654 234 695 and
251 652 304 696 civil
320 652 373 695 uw.
392 644 585 726 imperator
600 644 692 707 sicut
709 653 746 707 et
762 644 912 726 quilibet
929 644 1040 707 civilis
1058 644 1220 707 dominus
1236 653 1384 708 tenetur

393 747 586 811 defendere
618 768 719 811 suum
752 748 942 811 dominium
966 751 1123 812 seculare
1154 750 1211 811 vel
1244 758 1382 812 mutare

391 851 427 915 in
450 853 585 929 melius,
618 855 682 916 sed
704 854 740 916 in
764 852 948 916 solucione
972 853 1105 917 ordinis
1129 853 1215 917 cleri
1238 852 1383 917 Christo

394 957 629 1020 deterioratur
651 967 801 1041 utraque
824 978 906 1041 pars
930 961 1054 1021 saltem
1077 957 1113 1021 in
1136 958 1408 1040 spiritualibus5

393 1063 510 1142 quoad
544 1063 671 1140 Deum,
708 1062 816 1145 igitur
853 1071 1032 1144 repugnat
1069 1062 1252 1145 principiis
1290 1063 1384 1145 legis

391 1167 541 1229 humane
574 1167 652 1230 talis
684 1167 862 1250 prepositi
893 1167 1084 1249 spiritualis
1116 1169 1292 1231 mundana
1320 1169 1384 1231 do·

393 1272 495 1338 tacio.

216 1380 275 1424 cuu
291 1380 339 1422 “1¹0
436 1376 536 1451 Item,
568 1376 667 1459 prius
700 1385 862 1458 tempore
895 1385 931 1439 et
962 1385 1086 1440 natura
1118 1384 1174 1439 est
1211 1376 1384 1440 secularis

177 1433 377 1540 tlii'iigeieioerree
393 1480 590 1543 dominacio
629 1501 732 1562 quam
770 1480 848 1543 talis
888 1480 972 1543 cleri
1010 1480 1162 1556 dotaci0‚
1201 1491 1239 1543 ut
1278 1481 1384 1543 docet
1399 1506 1427 1537 ιο

216 1536 337 1580 erronea.
393 1584 646 1668 Crysostomus
664 1584 705 1647 In
721 1584 937 1667 Imperfecto
955 1583 1092 1648 Omelia
1107 1584 1291 1662 XXXIV,
1315 1586 1381 1647 sed

392 1710 496 1752 omne
529 1690 579 1753 sio
611 1689 709 1772 prius
742 1696 865 1771 potest
898 1707 978 1751 esse
1002 1689 1062 1752 tali
1085 1688 1277 1771 posteriori
1300 1691 1382 1752 sub·

393 1796 508 1871 ducto,
540 1794 649 1875 igitur
680 1793 853 1875 possibile
887 1802 943 1855 est
966 1793 1150 1856 ecclesiam
1174 1792 1273 1856 viare
1297 1812 1382 1874 pro·

392 1919 498 1981 spere
531 1902 605 1962 sine
634 1898 694 1961 tali
723 1897 919 1980 capitaneo.
962 1897 1091 1961 Mirum
1123 1898 1242 1980 itaque
1274 1897 1384 1977 foret,

391 2005 488 2085 quod
511 2003 559 2067 ita
580 2003 647 2067 fuit
671 2003 715 2065 de
739 2002 833 2065 facto
863 2023 909 2064 ex
933 2001 1159 2065 ordinacione
1184 2001 1313 2077 divina,
1345 2009 1384 2064 et
1398 2011 1425 2059 15

392 2127 471 2170 cum
494 2110 600 2171 modo
625 2128 695 2170 non
718 2116 843 2190 potest
875 2107 925 2169 sic
958 2126 1039 2168 esse
1063 2114 1212 2188 propter
1240 2106 1383 2169 ordina·

391 2213 529 2276 cionem
554 2233 743 2288 cesaream,
768 2212 817 2275 sic
842 2213 941 2294 quod
964 2212 1225 2275 ordinacionem
1250 2210 1384 2274 Christi

391 2317 476 2380 licet
492 2317 715 2401 extinguere,
740 2318 803 2380 sed
821 2316 1000 2380 ordinacio
1016 2316 1147 2379 cesaris
1169 2336 1240 2378 non
1256 2325 1385 2399 potest

394 2422 546 2484 deficere
585 2431 699 2485 stante
737 2421 977 2503 prosperitate
1010 2420 1172 2486 ecclesie.
1211 2420 1383 2484 Inconse·

393 2535 544 2608 quenter
568 2525 677 2609 igitur
692 2527 884 2607 loquuntur
899 2525 959 2607 qui
975 2524 1097 2588 dicunt
1112 2525 1209 2608 quod
1230 2525 1384 2588 ecclesia
1394 2545 1426 2579 20

393 2639 516 2712 potest
539 2651 713 2714 prospere
736 2631 932 2712 procedere
957 2630 1032 2692 sine
1049 2628 1213 2693 Romano
1230 2629 1383 2712 imperio

394 2735 593 2811 adiuvante,
617 2744 656 2797 ut
671 2734 786 2817 patuit
800 2735 834 2796 in
851 2733 1028 2816 primitiva
1044 2733 1203 2813 ecclesia,
1227 2742 1264 2797 et
1279 2743 1384 2816 patet

392 2839 499 2902 hodie
533 2841 577 2902 de
610 2838 726 2901 multis
752 2838 958 2915 christianis
991 2838 1141 2902 exemtis
1166 2841 1209 2901 ab
1237 2838 1297 2901 illo
1321 2838 1382 2901 im·

393 2944 493 3025 perio
517 2943 700 3021 infirmate,
725 2943 730 3026 l
756 2943 914 3005 sednon
946 2950 1069 3025 potest
1097 2952 1189 3006 stare
1214 2942 1290 3006 sine
1314 2963 1382 3006 suo
1411 2952 1466 3010 24⁰⁸

394 3048 565 3131 episcopo
589 3049 648 3110 vel
672 3051 715 3111 ab
741 3068 785 3110 eo
810 3049 938 3110 collato
962 3047 1161 3130 privilegio.
1199 3047 1424 3130 Numquid25

392 3151 508 3215 fumus
533 3160 587 3216 est
610 3152 750 3215 maioris
775 3152 979 3215 constantie
1004 3173 1109 3234 quam
1132 3151 1247 3235 ignis?

436 3256 512 3319 Nec
536 3259 631 3320 valet
652 3255 781 3319 ficticia
805 3276 874 3338 qua
897 3257 1034 3337 dicitur,
1068 3258 1164 3338 quod
1198 3255 1381 3319 ordinacio

393 3381 486 3444 pape
509 3361 684 3444 processit
707 3361 908 3424 immediate
932 3382 951 3423 a
975 3360 1126 3439 Christo,
1149 3370 1188 3423 ut
1210 3368 1312 3442 patet
1334 3362 1381 3424 de

392 3466 513 3544 Petro,
538 3465 717 3530 ordinacio
742 3474 857 3529 autem
881 3465 1105 3548 imperatoris
1128 3464 1310 3547 processit
1336 3467 1381 3529 ab

392 3570 543 3634 homine.
1393 3582 1425 3629 30

216 3671 340 3715 W⁰m¹¹³¹
437 3674 477 3735 In
500 3674 568 3737 ista
590 3686 705 3737 autem
729 3675 872 3738 materia
894 3693 1043 3738 necesse
1075 3673 1171 3738 foret
1193 3683 1381 3757 utramque

208 3725 348 3779 distinguish

217 3779 344 3873 ggffln
393 3789 533 3861 partem
557 3800 778 3863 cognoscere
795 3780 1044 3845 conclusiones
1065 3781 1108 3844 ad
1125 3780 1382 3844 confutandum

230 3882 328 3936 W¹²¹e⁸
395 3886 548 3948 cautelas
565 3886 719 3967 dyaboli.
735 3884 894 3949 Necesse
912 3894 968 3949 est
983 3887 1141 3949 secundo
1159 3885 1382 3968 distinguere

393 3988 485 4051 inter
517 4009 655 4072 papam,
687 3991 746 4053 vel
770 3990 981 4073 episcopum
1015 4009 1195 4053 cesareum
1224 3999 1261 4053 et
1283 3988 1382 4052 mini·

447 4205 467 4251 7.
484 4196 572 4240 Codd.=
587 4197 699 4240 humanis.
756 4209 791 4252 27,
809 4200 829 4241 Α
844 4198 867 4241 in
883 4209 969 4250 marta:
986 4198 1152 4253 Argumentum
1163 4207 1209 4251 pro
1222 4208 1296 4251 papa,

450 4337 487 4374 11.
507 4322 576 4386 Opp.
595 4323 715 4389 tom.Vl,
735 4321 793 4372 816.
