3008 5026
136 389 196 450 160
693 415 863 468 Joflhlltlls
881 415 1022 466 wvcml·
1195 402 1277 479 [cns.
1294 409 1345 454 vn.

156 574 310 674 ecthffitihse
355 588 427 632 non
466 566 651 638 adhiberet
689 576 759 640 sibi
790 575 1022 641 multitudinis
1056 576 1272 652 testimonio,
1311 585 1349 641 et

152 683 310 777 stutgrefhffl
353 690 479 766 quarto
525 682 662 746 diceret
707 683 859 748 ecclesie
904 689 945 745 ut
987 681 1117 760 maiori,
1162 680 1214 748 sic
1255 681 1348 746 enim

355 787 484 853 missus
508 798 565 852 est
577 811 599 852 a
615 809 727 872 parva
740 789 986 870 apostolorum
1007 786 1170 864 ecclesia,
1192 796 1233 851 ut
1248 795 1349 870 patet

356 892 439 956 Act.
459 891 560 959 VIII.

397 998 457 1061 Ad
490 1006 650 1062 octavam
685 997 992 1062 confirmcionem
1023 996 1195 1077 Johannis
1225 996 1373 1062 ultimos

357 1102 418 1166 ubi
449 1103 580 1168 Petrus
619 1103 841 1182 singulariter
877 1101 1017 1184 recepit
1052 1111 1193 1184 pastum
1228 1102 1348 1166 ovium

178 1231 198 1276 n
213 1243 263 1275 was
277 1230 314 1274 ror
357 1217 508 1290 propter
539 1208 802 1291 prerogativam
834 1206 962 1271 amoris
994 1226 1066 1289 quo
1102 1206 1280 1271 Christum
1312 1215 1349 1271 et

141 1284 191 1381 rili
205 1291 271 1381 iiiii
284 1284 334 1382 ¹33}
357 1332 490 1396 corpus
506 1333 607 1378 suum
624 1313 809 1390 dilexerat,
830 1332 917 1376 vere
934 1312 1156 1376 concluditur
1175 1311 1348 1393 primatus

138 1388 335 1496 ‘ciiiiffilfie‘ss
356 1418 455 1482 Petri
479 1418 677 1500 predictus3
703 1421 800 1502 quod
823 1419 854 1483 si
876 1439 971 1502 papa
992 1417 1099 1481 fuerit
1115 1436 1248 1499 expers
1268 1437 1347 1499 pre·

357 1521 443 1585 dicti
466 1522 603 1602 amoris,
627 1522 713 1605 quid
736 1522 804 1587 sibi
827 1531 864 1586 et
886 1521 1053 1605 papatui?
1084 1520 1250 1604 Nunquid
1273 1541 1346 1584 cre·
1361 1536 1391 1572 ¹0

357 1627 471 1692 dimus
509 1627 686 1693 Christum
727 1637 917 1710 acceptare
961 1646 1151 1710 personam
1191 1625 1348 1690 Romani

355 1730 536 1812 pontificis
573 1741 724 1815 propter
764 1732 965 1796 elecciones
1008 1739 1070 1795 aut
1112 1728 1347 1797 invenciones

354 1837 534 1918 humanas,
563 1858 641 1901 cum
668 1838 737 1900 hoc
765 1836 863 1920 quod
890 1835 999 1900 sitin
1022 1835 1096 1899 vita
1124 1842 1162 1898 et
1187 1834 1347 1899 moribus

355 1939 497 2005 Christo
507 1942 725 2006 contrarius?
742 1942 1020 2006 Deliramentum
1029 1939 1240 2004 blasfemum
1251 1939 1348 2003 foret

354 2045 406 2109 sic
438 2049 594 2112 credere.
640 2047 746 2111 Unde
783 2046 927 2111 videtur
963 2046 1061 2129 quod
1091 2064 1186 2127 papa
1216 2044 1389 2108 timens15

353 2152 494 2216 mentiri
508 2152 674 2231 Domino,
699 2161 861 2216 servaret
883 2172 923 2216 se
944 2152 980 2215 in
1003 2150 1173 2215 limitibus
1196 2169 1346 2232 pauper-

353 2256 436 2322 tatis
452 2266 488 2320 et
503 2258 700 2339 apostolice
715 2280 737 2321 a
751 2259 882 2320 mundo
904 2255 1141 2334 alienacionis‚
1163 2254 1200 2318 in
1215 2253 1346 2338 quibus

352 2361 498 2425 Petrum
523 2361 682 2426 Christus
710 2360 911 2439 constituit;
945 2370 1079 2424 certum
1108 2358 1250 2442 quidem
1279 2366 1345 2435 est,

353 2468 451 2550 quod
482 2468 512 2530 si
544 2466 712 2530 mentitur
743 2467 788 2530 de
821 2465 962 2530 Christo
998 2474 1036 2528 et
1065 2464 1186 2538 Petro,
1221 2463 1345 2527 dicens

352 2572 449 2654 quod
472 2571 603 2634 virtute
627 2570 865 2635 successionis
888 2569 1019 2633 vicarie
1041 2568 1143 2632 Petri
1164 2569 1275 2631 habet
1298 2587 1346 2631 ex
1357 2590 1390 2625 ro

352 2675 581 2739 ordinacione
620 2674 740 2738 divina
782 2684 915 2739 tantam
953 2672 1207 2737 excellenciam
1248 2692 1345 2736 mun·

352 2780 476 2843 danam
509 2799 618 2862 super
650 2779 848 2855 ecclesiam,
886 2787 1033 2861 oportet
1064 2777 1161 2860 quod
1194 2776 1346 2840 finaliter

352 2905 462 2968 super
492 2885 697 2948 verecundo
729 2883 913 2947 mendacio
949 2883 997 2947 sit
1029 2880 1225 2960 convictus,
1264 2880 1347 2963 quia

353 3010 431 3053 cum
454 2998 643 3071 peccatum
666 2990 713 3054 sit
734 2989 873 3053 mentiri
896 3008 1006 3068 super
1029 2986 1201 3051 discolum
1224 2985 1261 3049 in
1276 3006 1345 3049 ma·

350 3095 441 3159 teria
462 3095 713 3176 impertinente
735 3094 834 3172 fidei3
865 3102 1000 3176 quanto
1023 3091 1135 3156 maius
1156 3097 1388 3174 peccatum25

352 3207 409 3264 est
438 3199 580 3263 mentiri
612 3220 721 3281 super
751 3201 879 3263 beatos
912 3205 949 3262 et
980 3207 1088 3280 caput
1119 3195 1272 3261 ecclesie
1309 3195 1346 3259 in

351 3305 496 3369 materia
527 3305 619 3381 fidei,
651 3304 687 3367 in
719 3324 788 3387 qua
820 3313 897 3367 tota
921 3301 1072 3365 ecclesia
1099 3310 1155 3365 est
1177 3302 1346 3365 seducta?

352 3406 393 3473 Si
418 3409 528 3490 igitur
554 3429 649 3492 papa
676 3409 722 3473 sit
748 3408 849 3472 Petri
878 3408 1029 3472 vicarius
1049 3404 1055 3490 Ι
1075 3413 1247 3488 procuret
1277 3426 1346 3487 pro
1376 3417 1435 3463 201·

353 3514 507 3578 ecclesia
537 3515 647 3579 instar
676 3513 783 3578 Petri.
820 3514 951 3577 Petrus
988 3521 1105 3575 autem
1141 3510 1348 3594 procuravit

353 3618 494 3682 assidue
526 3619 622 3702 quod
656 3620 771 3683 clerus
796 3617 926 3682 Christi
957 3626 1155 3701 poneretur
1188 3614 1225 3679 in
1252 3622 1347 3680 statu
1359 3624 1391 3674 30

353 3723 638 3806 exproprietario
666 3725 747 3805 plus
775 3722 951 3805 perfecto,
979 3723 1077 3804 quod
1104 3721 1135 3785 si
1163 3739 1256 3804 papa
1278 3719 1346 3783 viis

355 3835 392 3890 et
414 3827 528 3890 modis
552 3827 683 3890 nitatur
706 3827 902 3908 degradare
931 3846 970 3889 se
995 3834 1033 3889 et
1056 3827 1189 3888 clerum
1217 3822 1346 3888 abillo

353 3939 448 3995 statu
481 3931 693 4017 evangelico
726 3932 770 3994 ad
802 3938 931 3994 statum
959 3931 1154 3994 secularem
1177 3927 1346 4011 proprie-

352 4036 487 4116 tarium,
515 4037 594 4120 quis
618 4035 767 4113 dubitat,
795 4035 880 4118 quin
903 4034 949 4099 sit
971 4033 1233 4099 infidelissimus
1260 4051 1346 4115 pro·

354 4141 457 4222 ditor,
481 4162 677 4224 preparans
693 4140 784 4204 viam
802 4139 979 4223 dyabolo?
1004 4138 1193 4221 Quomodo
1217 4157 1345 4221 super·
1359 4145 1389 4199 35

408 4380 428 4426 5.
443 4382 467 4425 Α
480 4382 504 4426 in
518 4392 604 4437 mara:
620 4381 656 4425 Ad
672 4379 692 4424 8.
748 4378 782 4425 15.
796 4380 837 4425 ric.
853 4377 943 4423 codd:
957 4379 980 4421 ri
992 4379 1096 4422 credere.
