3008 5026
134 369 269 460 canui]
429 390 475 441 oa
495 389 705 441 porssrara
724 391 825 440 aare.

132 550 259 630 traria,
282 567 361 612 cum
383 548 525 631 ipsemet
546 549 639 612 docet
653 549 771 613 Marta.
793 546 867 628 VH,
890 548 931 610 15
953 549 1124 612 attendere

133 675 156 718 a
170 654 282 736 salsis
299 655 475 736 prophetis
498 673 536 716 ex
549 653 726 734 fructibus
747 652 996 735 cognoscendis
1023 652 1125 716 aliter

136 758 228 822 enim
259 758 463 822 necessario
503 767 644 823 cecaret
680 760 804 843 laycos
843 758 888 820 ad
912 757 1124 821 elemosinas

135 883 217 926 suas
239 863 452 927 Antichristi
470 864 653 948 discipulis
668 863 869 947 improvide
885 863 1123 946 parciendum.

111 968 268 1035 5Contra
284 969 478 1032 secundum
493 977 594 1052 patet
609 971 894 1052 quodrepugnat
910 966 1028 1050 priori,
1045 987 1124 1031 cum
1134 980 1157 1025 v
1167 982 1206 1024 the
1221 992 1275 1024 man
1290 980 1336 1024 ana

1157 1033 1194 1077 hia
1209 1041 1267 1077 state
1281 1044 1320 1076 are

35 1094 101 1157 ιφο
135 1082 219 1136 tunc
252 1072 365 1135 omnis
398 1072 549 1136 clericus
582 1073 676 1137 foret
705 1072 879 1136 infinitum
900 1072 903 1154 l
924 1072 1344 1182 perfeccioronpqvefiqtcpnc

136 1197 240 1261 quam
254 1178 395 1260 laycus3
411 1179 509 1260 quod
526 1177 593 1241 soli
608 1177 749 1242 Christo
765 1185 888 1259 potest
904 1185 1125 1259 competere;
1154 1149 1322 1298 ὧὲἐὲῃέἐὶῗῖἕι

134 1283 263 1347 iterum
287 1281 400 1344 omnis
421 1283 528 1345 horno
545 1283 604 1345 vel
619 1284 768 1366 angelus
782 1291 942 1345 maneret
958 1281 1126 1345 continue
1149 1295 1323 1391 aldwine

134 1388 170 1452 in
194 1388 321 1452 eodem
344 1395 449 1464 statu,
474 1387 567 1450 sicut
588 1395 707 1450 manet
723 1393 928 1449 constanter
943 1385 979 1448 in
1003 1387 1127 1449 eadem
1137 1400 1344 1506 gigeazfdevggyd

97 1492 357 1570 rohumanitate,
381 1501 418 1555 et
442 1491 494 1555 sic
515 1492 632 1555 nullus
656 1499 769 1557 status
792 1500 921 1574 posset
939 1491 1049 1555 maius
1066 1500 1127 1555 aut
1176 1505 1252 1600 wguu
1268 1505 1310 1600 seb¹

136 1598 250 1661 minus
267 1598 463 1680 suscipere.
486 1597 534 1660 Et
549 1597 675 1661 iterum
696 1597 833 1680 periret
848 1605 961 1661 status
980 1606 1016 1660 et
1040 1595 1125 1659 chri-
1148 1568 1195 1601 ¹¹⁰⁶
1213 1569 1285 1613 ’ψ
1311 1569 1333 1604 ‘⁶

137 1705 328 1768 stianorum
346 1701 542 1781 distincci0,
566 1722 649 1785 ymo
665 1711 816 1785 propter
839 1722 958 1765 casum
973 1700 1127 1764 Luciferi

136 1830 208 1872 non
239 1808 336 1872 foret
367 1816 480 1872 status
514 1809 721 1890 angelorum
746 1807 911 1888 deterior,
943 1806 1011 1869 nisi
1033 1806 1127 1869 sorte

138 1914 274 1976 dicatur
297 1913 395 1995 quod
427 1919 541 1976 status
573 1912 620 1976 sit
643 1910 793 1995 qualitas
828 1912 940 1975 anime
964 1912 1022 1974 vel
1045 1931 1127 1994 pec·

98 2026 262 2084 meatum.
286 2017 375 2081 Ideo
401 2026 537 2080 certum
554 2026 610 2080 est
633 2017 728 2100 quod
744 2025 856 2081 status
876 2017 976 2081 iuxta
999 2017 1127 2079 metha·

137 2122 308 2206 phisicam
340 2121 517 2205 scripture
540 2121 760 2185 verissimam
789 2131 845 2186 est
873 2119 1128 2202 denominacio,

140 2248 210 2310 qua
245 2236 370 2291 natura
406 2227 594 2290 racionalis
633 2226 760 2290 dicitur
800 2226 998 2290 formaliter
1035 2235 1129 2293 stare

138 2340 308 2415 respectu
329 2331 410 2395 finis
433 2331 556 2412 ultimi,
580 2340 618 2395 et
640 2333 691 2395 sie
713 2331 750 2394 in
772 2331 915 2395 homine
932 2331 1058 2414 aliquis
1074 2339 1131 2395 est

138 2445 250 2501 status
283 2436 456 2519 corporis,
490 2436 617 2519 aliquis
646 2445 759 2501 status
792 2436 906 2500 anime
940 2445 976 2500 et
1004 2435 1128 2519 aliquis

95 2542 300 2615 zomixtum;
325 2541 450 2625 aliquis
476 2541 586 2604 eciam
610 2549 667 2605 est
682 2549 796 2605 status
817 2542 936 2624 quoad
958 2561 1076 2605 mores
1093 2550 1130 2605 et

139 2646 263 2729 aliquis
280 2647 400 2729 quoad
422 2645 513 2710 ritus
535 2648 595 2710 vel
618 2645 837 2728 religionem,
862 2646 988 2729 aliquis
1010 2645 1130 2710 totalis

140 2762 174 2816 et
198 2751 324 2835 aliquis
356 2751 529 2834 parcialis.
567 2751 673 2815 Unde
698 2752 743 2814 de
771 2760 865 2815 statu
893 2751 1071 2834 corporali
1093 2759 1130 2815 et

139 2865 233 2920 statu
269 2856 412 2920 mentali
448 2856 615 2921 racionali
662 2859 721 2919 vel
765 2857 905 2939 integra
948 2856 1131 2920 individua

139 2969 263 3044 potest
309 2960 460 3044 intelligi
497 2962 584 3024 illud
621 2961 714 3027 Yob.
752 2960 847 3024 XIII
886 2963 983 3043 quod
1022 2963 1128 3025 homo

98 3065 372 3135 25miserabilior
394 3068 515 3148 lapsus
539 3086 718 3148 nunquam
734 3066 770 3128 in
791 3066 917 3128 eodem
933 3074 1026 3130 statu
1049 3085 1129 3148 per-

139 3181 258 3234 manet
281 3170 457 3252 continue,
480 3191 560 3233 nam
584 3172 780 3234 secundum
803 3178 932 3234 statum
955 3170 1131 3254 integrum

139 3276 302 3358 variatur,
329 3284 369 3338 ut
390 3284 491 3358 patet
515 3276 560 3338 de
594 3283 698 3357 etate,
726 3276 771 3338 de
799 3295 936 3338 morum
958 3274 1130 3338 varietate

140 3390 178 3444 et
209 3383 254 3444 de
287 3381 566 3445 circumstanciis
599 3389 728 3444 statum
758 3378 1028 3462 integrantibus,
1061 3400 1131 3463 que

141 3488 373 3550 communiter
395 3486 589 3558 variantur;
617 3495 737 3549 manet
759 3496 877 3548 tamen
900 3486 995 3548 idem
1018 3493 1131 3548 status

100 3614 130 3664 30
141 3593 335 3657 communis
359 3602 396 3657 et
416 3592 608 3657 individuis
632 3592 845 3656 successivis
869 3593 1057 3656 intercisus
1071 3593 1131 3656 vel

141 3697 338 3766 continuus.

183 3803 240 3865 Ex
271 3804 348 3867 istis
379 3803 487 3887 logici
512 3803 704 3867 sollicitant
726 3823 766 3866 se
804 3803 901 3885 quod
929 3802 1131 3867 continuum

141 3909 367 3990 componitur
383 3929 430 3971 ex
445 3929 517 3972 non
534 3909 685 3991 quantis,
711 3928 790 3971 cum
813 3916 927 3972 status
944 3908 1130 3972 continuus

141 4011 233 4075 sicut
278 4022 353 4076 etas
390 4033 458 4096 per
492 4012 708 4077 indivisibile
737 4015 796 4077 vel
829 4014 900 4076 duo
933 4022 992 4077 aut
1029 4021 1130 4096 quot·

194 4219 214 4265 5.
231 4219 321 4265 (lodda
336 4222 441 4265 tercium.
498 4219 930 4265 11.Goddartatusclrtatlanorum.
986 4218 1022 4263 15.
1042 4219 1085 4264 ΑΒ
1106 4219 1130 4263 in

141 4302 228 4346 marga
249 4290 330 4334 Status
351 4291 450 4334 hominis
471 4290 590 4346 quidest.
654 4289 691 4336 30.
713 4290 833 4333 intricr'sus
847 4289 870 4332 in
886 4288 956 4333 codd.
1020 4287 1059 4338 32.
1074 4288 1092 4332 Β
1106 4289 1130 4334 in

141 4373 229 4416 marga
243 4360 314 4407 Nota.
