3008 5026
654 380 827 431 Joflhllllls
846 380 986 431 wlcllf
1155 365 1241 447 [car.
1262 377 1312 421 xu.

324 538 421 620 quod
451 538 492 600 fit
515 556 601 600 cece
625 545 662 601 et
683 538 773 600 male
795 537 1016 620 preficiendo
1048 537 1210 621 ineptum
1233 558 1310 622 pre·

323 641 490 724 positum,
523 642 776 724 suspendendo
809 640 896 704 boni
928 641 1057 724 prelati
1079 642 1248 723 officium,
1277 651 1313 707 et

324 745 466 810 omnino
499 745 718 829 negligendo
743 765 782 809 se
806 766 964 827 movere,
988 746 1185 828 prohibens
1209 767 1311 811 exer·

325 850 449 914 cicium
474 849 605 914 Christi
636 852 680 914 ad
713 851 990 933 expugnandum
1024 850 1228 930 dyabolum.
1267 853 1313 916 Et

325 956 481 1019 declarat
504 956 599 1038 quod
632 954 728 1018 curia
752 963 808 1018 est
830 975 935 1018 causa
962 957 1151 1020 multorum
1175 955 1337 1036 talium35

326 1060 424 1142 quod
446 1069 569 1143 potest
594 1059 747 1123 discerni
768 1079 835 1142 per
858 1063 935 1143 hoc,
964 1061 1062 1144 quod
1089 1060 1273 1125 discordat
1295 1082 1315 1125 a

326 1162 456 1247 triplici
478 1162 726 1247 descripcione
749 1184 844 1248 pape
868 1165 1033 1248 superius
1055 1165 1213 1231 recitata

120 1278 250 1335 falsityof
261 1277 300 1321 *he
369 1266 445 1332 Sed
468 1277 636 1351 quantum
668 1270 712 1332 ad
745 1269 894 1353 primum
927 1279 1097 1353 punctum
1126 1272 1314 1355 decapite

129 1331 179 1384 pler
192 1331 242 1375 that
256 1332 295 1375 the

112 1383 309 1479 psspssffissd
327 1392 451 1436 causas
469 1373 729 1438 ecclesiasticas
749 1374 957 1438 terminante
981 1383 1084 1458 patet
1102 1377 1202 1458 quod
1217 1376 1313 1440 Chri·

129 1488 293 1532 ecclesiauical
327 1485 403 1541 stus
427 1484 484 1541 est
507 1486 614 1561 caput
646 1476 993 1556 sufficientissimum,
1026 1479 1118 1543 sicut
1143 1481 1316 1563 probavit
1327 1496 1355 1530 1⁰

164 1552 254 1585 enum.
325 1601 392 1664 per
413 1590 595 1646 trecentos
620 1602 733 1645 annos
757 1592 794 1647 et
816 1582 977 1666 amplius,
1000 1583 1142 1666 quando
1165 1604 1314 1668 prospe·

324 1696 402 1749 rata
424 1685 490 1751 fuit
513 1686 675 1764 ecclesia,
708 1694 745 1749 et
776 1687 838 1749 lex
869 1706 932 1750 sua
955 1695 1011 1751 est
1034 1688 1076 1750 ad
1103 1689 1173 1752 hoc
1197 1688 1314 1753 effica-

326 1790 475 1872 cissima,
508 1810 587 1854 cum
610 1790 712 1854 Deus
739 1791 852 1873 ipsam
875 1790 987 1855 edidit
1009 1792 1052 1854 ad
1074 1793 1168 1855 hunc
1191 1793 1313 1865 finem;

326 1895 391 1957 sed
414 1893 507 1958 forte
539 1913 690 1959 necesse
723 1905 779 1959 est
801 1904 886 1977 post
910 1894 1134 1960 dotacionem
1158 1898 1314 1961 ecclesie

327 2017 407 2061 esse
453 1997 694 2080 legislatorem
737 2007 954 2076 extraneum,
1003 2010 1043 2064 ut
1088 2010 1176 2082 puta
1212 2001 1313 2065 Anti·
1329 2005 1355 2056 15

327 2102 506 2182 christum,
529 2104 593 2166 sed
617 2105 686 2167 hoc
710 2113 766 2168 est
790 2105 833 2166 ad
856 2104 1120 2168 desolacionem
1149 2107 1315 2184 ecclesie,

326 2207 408 2271 ideo
430 2207 526 2270 idem
548 2207 642 2271 foret
664 2228 825 2273 asserere
850 2209 947 2291 quod
970 2218 1117 2291 oportet
1140 2229 1222 2273 esse
1242 2213 1314 2276 tale

327 2321 434 2395 caput
471 2312 624 2376 ecclesie
661 2312 705 2375 ad
743 2333 866 2376 causas
900 2312 1157 2377 ecclesiasticas
1195 2316 1315 2380 termi-

326 2418 478 2479 nandum
517 2425 553 2480 et
594 2415 713 2480 dicere
745 2417 843 2500 quod
883 2426 1029 2500 oportet
1062 2416 1240 2482 Christum
1279 2432 1316 2485 et

326 2523 444 2604 legem
468 2540 565 2584 suam
589 2521 756 2585 deserere
785 2529 823 2584 et
844 2522 1101 2587 Antichristum
1125 2543 1204 2586 cum
1227 2525 1358 2608 legi-20

326 2628 393 2688 bus
416 2625 489 2688 suis
514 2634 618 2708 atque
643 2626 878 2709 complicibus
898 2627 1106 2711 amplexari;
1129 2626 1316 2711 indignum

327 2751 480 2814 namque
511 2730 578 2795 fuit
601 2730 732 2795 Christi
766 2733 949 2815 apostolos
981 2732 1017 2796 in
1045 2732 1173 2797 talibus
1198 2734 1317 2798 taliter

327 2835 504 2919 occupari.
542 2835 630 2899 Ideo
654 2845 800 2919 oportet
823 2837 1049 2902 considerare
1073 2846 1205 2901 sectam
1229 2839 1317 2902 cleri

327 2940 515 3023 duplicem,
539 2939 676 3004 scilicet
699 2942 830 3004 clerum
855 2941 984 3006 Christi
1008 2951 1045 3005 et
1067 2943 1198 3005 clerum
1214 2943 1316 3007 Anti·

328 3043 449 3108 christi
471 3044 582 3127 priori
605 3045 830 3122 eontrarium
856 3046 973 3109 clerus
989 3045 1119 3110 Christi
1135 3047 1316 3129 quietatur
1327 3044 1357 3098 ²5

326 3149 465 3231 inipso
490 3149 607 3232 capite
631 3170 671 3212 ac
695 3150 768 3213 suis
791 3149 944 3235 legibus,
973 3151 1089 3214 clerus
1113 3171 1201 3214 vero
1212 3152 1315 3217 Anti·

328 3253 449 3318 christi
472 3255 532 3317 vel
555 3254 711 3317 totaliter
734 3255 792 3317 vel
820 3255 1128 3337 preponderanter
1154 3255 1318 3321 innititur

327 3359 469 3441 legibus
479 3358 691 3422 Antichristi
715 3367 752 3421 et
774 3369 890 3423 tamen
913 3358 1077 3441 palliatur
1100 3379 1181 3423 esse
1198 3362 1316 3426 clerus

329 3461 459 3526 Christi
496 3470 604 3545 atque
644 3462 805 3543 ecclesie,
843 3472 882 3525 ut
919 3464 1075 3546 populus
1113 3463 1317 3530 simulacius

329 3566 527 3631 seducatur.
564 3566 612 3629 Et
633 3567 701 3630 ista
728 3576 798 3630 tam
832 3566 1006 3631 contraria
1038 3577 1183 3651 oportet
1214 3567 1361 3636 inniti3⁰

330 3672 469 3735 duobus
494 3674 499 3752 Ι
524 3671 707 3735 contrariis
741 3671 917 3754 capitibus
951 3692 1029 3735 cum
1062 3673 1136 3737 suis
1162 3674 1318 3758 legibus.
1347 3676 1402 3736 ²44·

328 3774 375 3839 Et
412 3775 597 3840 evidencia
635 3775 720 3838 facti
758 3776 867 3839 docet
903 3776 1170 3859 descripciones
1211 3801 1318 3844 mem·

384 4034 421 4079 23.
437 4034 512 4079 Codd.
524 4034 547 4077 in
558 4045 643 4087 marsa:
661 4033 742 4078 Clerus
755 4034 840 4089 duplex
850 4034 939 4078 Christi
947 4041 970 4078 et
978 4035 1122 4079 antichriste.
1176 4035 1215 4080 28.
1226 4037 1319 4083 codd:

328 4109 352 4147 et
364 4109 444 4147 totum.
461 4102 520 4146 Vide
535 4102 597 4159 Opp.
612 4102 693 4147 Hussii
710 4103 774 4147 126·Ι

383 4231 423 4281 23.
442 4227 483 4281 cf.
503 4229 581 4278 llussi
601 4229 671 4293 Opp.
690 4245 716 4294 p.
736 4228 786 4279 226
807 4230 851 4278 ubi
870 4239 951 4279 totam
969 4230 1182 4295 explanationem
1203 4232 1321 4296 reperire

329 4317 435 4382 poteris.
