3008 5026
150 376 208 435 186
686 389 856 440 sommus
875 389 1014 440 wreus
1190 374 1272 454 [cae
1289 384 1351 430 vm.

362 563 472 626 opera
493 544 611 608 fidelia
633 554 778 628 oportet
801 547 992 609 ostendere
1018 544 1148 610 Christi
1172 547 1352 629 vicarium,
1387 561 1450 628 207b

168 645 319 742 5¹¹3ng
361 648 418 711 cui
449 649 570 732 opinio
598 651 656 713 vel
685 650 820 713 eleccio
848 653 999 713 humana
1028 660 1084 715 est
1109 651 1352 734 impertinens,

165 751 333 856 mffiffim
360 750 483 835 Opera
505 764 623 816 autem
647 753 787 818 Christo
812 753 985 818 contraria
1008 756 1202 819 ostendunt
1233 758 1351 820 multis

175 856 318 901 ¹¹¹¹¹⁶l¹¹⁴⁸¹t
360 859 457 940 quod
480 867 632 940 uterque
656 879 779 923 eorum
802 858 849 923 sit
872 858 1097 922 antichristus
1122 868 1158 923 et
1177 880 1244 943 per
1266 881 1350 925 con·

358 981 513 1044 sequens
545 962 748 1044 fugiendus,
781 982 863 1045 ymo
889 963 997 1026 credo
1025 962 1171 1026 indubie
1195 971 1376 1048 utroquei

359 1067 465 1145 clero,
488 1065 550 1148 qui
564 1067 642 1129 istis
666 1068 841 1129 ambobus
865 1067 1057 1147 consensit,
1082 1076 1210 1131 neuter
1234 1070 1350 1131 clerus

357 1170 503 1233 habebit
535 1181 659 1235 contra
690 1171 864 1253 reliquum
897 1171 1116 1235 evidenciam
1139 1174 1237 1254 quod
1264 1193 1350 1237 suus

358 1274 553 1357 episcopus
576 1295 643 1358 pro
667 1295 739 1357 quo
763 1277 854 1338 zelat
881 1275 927 1338 sit
949 1296 1051 1356 papa,
1080 1275 1163 1359 quia
1189 1277 1242 1357 (ut
1264 1277 1348 1339 alias

357 1377 511 1462 ostendi)
522 1400 623 1443 error
633 1380 843 1462 eligencium
859 1399 932 1442 non
945 1380 1104 1461 impedit,
1115 1380 1200 1463 quin
1211 1381 1349 1443 electus

356 1483 402 1548 sit
438 1503 542 1566 papa.
589 1484 665 1546 Nec
703 1504 768 1547 nos
807 1504 999 1567 possumus
1033 1494 1154 1548 contra
1184 1483 1265 1547 illos
1301 1505 1348 1546 ex
1364 1510 1392 1542 lo

356 1587 526 1670 operibus
542 1589 600 1651 vel
616 1589 841 1651 revelacione
858 1589 1083 1668 convincere,
1107 1590 1205 1671 quod
1226 1597 1349 1652 noster

159 1692 211 1736 me
225 1692 318 1737 Chufcl
355 1690 540 1755 Romanus
556 1692 722 1775 pontifex
738 1693 784 1756 sit
804 1713 910 1775 papa.
935 1692 1015 1756 Ideo
1030 1695 1165 1756 videtur
1178 1712 1348 1766 securum,

138 1745 216 1788 would
231 1746 259 1788 be
274 1746 345 1789 better

146 1797 335 1894 l'¹¹,',¹?¹,¹1}22¹,¹‚h“
353 1815 432 1860 cum
455 1800 579 1860 melius
593 1797 689 1877 foret
712 1799 855 1872 ecclesie,
877 1799 967 1877 quod
982 1800 1098 1860 nullus
1111 1798 1207 1878 foret
1226 1799 1346 1860 huius·

353 1902 458 1976 modi,
490 1902 580 1980 quod
611 1902 765 1964 vivamus
787 1907 823 1963 ut
849 1906 927 1963 ante
954 1902 1178 1982 dotationem,
1210 1904 1347 1983 quando

354 2007 493 2068 ecclesia
515 2006 743 2068 communiter
765 2006 988 2086 regulabalur
1005 2007 1204 2086 permotos,
1229 2015 1266 2067 et
1280 2025 1346 2088 pro
1363 2019 1389 2066 15

354 2118 481 2172 neutro
514 2128 712 2172 asseramus
740 2108 911 2171 blasfema
940 2109 1130 2186 mendacia,
1164 2129 1242 2172 cum
1270 2119 1348 2172 tota

352 2213 427 2277 vita
453 2234 517 2276 sua
544 2214 654 2276 debet
682 2212 762 2294 capi
783 2212 910 2275 relicto
935 2213 1111 2295 ambigue,
1137 2233 1216 2275 narn
1239 2213 1347 2276 nichil

352 2319 488 2395 nociuS,
521 2337 624 2400 quam
657 2318 756 2398 quod
778 2325 850 2380 stat
872 2327 1060 2399 utrumque
1088 2316 1236 2380 istorum
1265 2338 1346 2380 esse

353 2424 622 2505 pseudopapam
661 2431 698 2485 et
719 2441 787 2503 per
821 2440 1045 2504 consequens
1078 2421 1346 2485 Antichristum.

353 2526 429 2589 Nec
462 2536 518 2588 est
544 2525 640 2588 racio
665 2526 723 2588 vel
752 2525 943 2588 auctoritas
972 2545 1108 2607 cogens
1131 2527 1228 2607 quod
1257 2527 1346 2588 alter
1359 2556 1390 2588 ιο

351 2629 499 2693 istorum
523 2630 570 2692 sit
592 2649 694 2712 papa,
717 2628 825 2710 igitur
842 2629 910 2691 ista
924 2629 1015 2691 fides
1032 2650 1102 2692 non
1120 2638 1176 2693 est
1192 2630 1344 2693 ecclesie

351 2734 579 2816 imponenda,
608 2744 645 2797 et
676 2733 777 2796 nimis
814 2735 895 2796 leve
928 2734 1021 2797 foret
1058 2733 1154 2816 quod
1196 2742 1346 2816 utraque

352 2839 496 2902 istarum
523 2839 680 2921 parcium
707 2837 866 2920 imponat
892 2838 1029 2920 relique
1053 2838 1180 2901 scisma
1202 2840 1262 2900 vel
1284 2839 1344 2900 he·

350 2943 456 3007 resim
480 2943 556 3007 sine
574 2963 678 3006 causa
701 2942 851 3018 notoria,
877 2951 913 3004 et
936 2942 1139 3025 specialiter
1163 2962 1241 3005 cum
1265 2962 1343 3024 per·

351 3068 439 3111 sone
472 3057 669 3132 aggregate
700 3046 950 3128 religiosorum
987 3046 1023 3108 in
1054 3046 1123 3109 ista
1160 3047 1386 3115 sentenciam

351 3152 422 3215 sint
454 3153 575 3216 divise.
615 3150 695 3216 Stat
727 3152 820 3215 enim
852 3153 949 3234 quod
972 3151 1133 3214 homines
1161 3150 1343 3233 inculpate

352 3256 485 3339 eligant
507 3257 774 3333 Antichristum,
808 3266 846 3318 ut
873 3264 976 3338 patet
1003 3275 1050 3317 ex
1074 3255 1189 3336 dictis,
1214 3265 1250 3317 et
1272 3264 1344 3317 stat

351 3362 449 3442 quod
482 3362 643 3425 homines
674 3360 908 3424 viciosissime
942 3359 1074 3442 eligant
1105 3379 1210 3441 quem
1242 3359 1343 3421 Deus

350 3468 444 3529 bene
462 3467 626 3549 elegerit;
643 3466 725 3529 ideo
741 3475 842 3548 patet
851 3466 949 3548 quod
959 3474 1168 3547 argumenta
1182 3471 1344 3526 neutram

349 3580 486 3653 partem
519 3570 737 3634 necessitant
765 3573 808 3633 ad
837 3569 1054 3632 credendum
1082 3588 1184 3631 suum
1211 3587 1386 3651 propo-30

159 3689 203 3734 we
218 3689 313 3745 English
350 3675 455 3739 situm
487 3696 568 3739 esse
600 3697 737 3759 papam.
777 3675 865 3738 Ideo
899 3694 965 3736 nos
992 3671 1139 3755 Anglici
1170 3674 1342 3734 debemus

151 3743 325 3849 diffidi.
349 3779 535 3861 quiescere
567 3780 603 3843 in
635 3781 778 3862 antiqua
804 3778 979 3863 religione
1008 3775 1138 3840 Christi
1166 3786 1205 3839 ut
1232 3777 1341 3859 olym,

349 3885 465 3948 neutri
496 3885 590 3968 parti
621 3885 802 3948 credendo
837 3882 939 3946 nimis
971 3882 1131 3948 faciliter.
1176 3879 1215 3944 Si
1248 3879 1340 3943 enim

349 3997 497 4071 uterque
513 3989 661 4053 istorum
681 3989 686 4074 1
707 3999 762 4052 est
779 3987 1030 4069 Antichristus,
1052 3987 1129 4049 sine
1145 3985 1206 4048 tali
1223 3984 1340 4068 capite
1371 4011 1430 4072 2070

349 4095 458 4157 debet
481 4093 633 4157 ecclesia
654 4093 819 4176 regulari,
843 4094 907 4156 sed
928 4092 1006 4175 quis
1023 4091 1091 4154 scit
1105 4091 1195 4153 hoc?
1219 4089 1341 4153 Docet

400 4347 438 4404 34.
452 4350 493 4395 ΑΒ
508 4350 531 4394 in
547 4362 633 4406 marga
649 4350 787 4394 Antichrislr'
798 4350 847 4393 lrr'a
859 4350 931 4405 signa
945 4349 1013 4402 ponit
1026 4348 1180 4404 Augustinus.
