3008 5026
692 411 860 463 Jounruus
880 409 1018 462 wvcnr
1191 385 1273 475 [cnr.
1293 405 1345 452 vn.

364 567 495 633 veritas
519 576 557 631 et
572 571 615 632 ad
630 569 847 633 innitendum
865 567 1127 652 preeminencie
1142 567 1350 649 sanctitatis,

364 674 446 758 quia
468 675 570 738 aliter
592 682 648 737 est
672 683 711 737 ut
724 673 963 737 Antichristus
979 671 1130 735 maxime
1146 671 1349 736 discreden-

364 782 431 844 dus
464 790 501 843 et
531 801 552 842 a
583 778 750 842 comitiva
776 777 931 841 fidelium
953 777 1125 861 precipue
1148 775 1352 858 fugiendus.

365 885 412 948 Et
434 883 545 947 tercio
569 884 704 947 recolat
727 882 825 964 quod
844 882 1012 946 Roboam
1035 901 1081 944 ex
1106 881 1351 946 dominacione

363 988 573 1071 pompatica,
594 1007 697 1069 quam
713 987 835 1050 didicit
851 1006 898 1049 ex
914 984 1061 1048 consilio
1077 985 1243 1048 iuvenum
1260 984 1375 1050 dixits

363 1093 461 1174 false,
494 1093 590 1175 quod
620 1094 788 1157 minimus
818 1093 947 1172 digitus
967 1108 1051 1153 suus
1075 1089 1149 1168 suit
1175 1092 1352 1171 potencior

365 1200 467 1262 dorso
486 1198 610 1279 patris,
634 1204 671 1259 et
697 1215 764 1277 per
786 1196 855 1258 hoc
878 1194 1028 1257 divisum
1052 1202 1108 1258 est
1129 1213 1289 1276 regnum,
1312 1202 1352 1258 ut

364 1310 464 1384 patet
496 1299 558 1366 III.
584 1300 679 1384 Reg.
707 1298 792 1379 XII,
829 1318 866 1362 ro
898 1306 936 1362 et
967 1308 1065 1363 notat
1098 1297 1351 1381 Crysostomus

366 1404 502 1470 Omelia
524 1405 637 1487 prima
661 1403 792 1485 Operis
820 1402 1033 1485 Imperfecti.
1060 1403 1106 1468 Et
1129 1401 1285 1487 applicet
1307 1403 1352 1466 ad

362 1513 431 1574 hoc
454 1512 566 1572 verba
594 1530 658 1572 sua
681 1517 717 1572 et
744 1528 865 1591 opera,
893 1508 923 1571 si
948 1507 1105 1590 implicat
1127 1528 1166 1571 se
1194 1510 1395 1572 extollerem

362 1634 466 1696 super
494 1633 593 1677 omue
615 1616 705 1694 quod
729 1615 857 1676 dieitur
877 1613 980 1693 Deus,
1013 1611 1164 1693 exigens
1196 1612 1350 1677 domina·

365 1719 502 1782 cionem
536 1736 639 1799 quam
672 1716 831 1780 Christus
867 1736 939 1779 non
970 1723 1093 1798 potest
1124 1715 1281 1801 exigere,
1315 1726 1352 1781 et

365 1822 502 1887 videbit
512 1822 608 1904 quod
622 1821 762 1885 racione
775 1821 879 1884 huius
893 1821 1064 1904 precipue
1076 1819 1351 1886 christianismus

365 1927 542 2004 dividitur,
571 1946 649 1988 narn
671 1926 797 1988 fideles
821 1928 864 1987 ab
890 1945 933 1987 eo
956 1933 1178 1987 recesserant
1202 1933 1353 2007 propter

364 2031 481 2095 fetens
498 2031 574 2095 eius
590 2029 789 2108 dominium,
814 2038 850 2092 et
871 2029 952 2093 hinc
968 2028 1159 2110 impeditur
1173 2026 1351 2111 utrimque
1365 2041 1393 2093 15

366 2135 554 2199 conversio
580 2134 773 2197 infidelium
795 2135 840 2197 ad
862 2135 979 2218 legem
1001 2132 1160 2207 Domini;
1191 2142 1262 2197 tarn
1288 2154 1352 2198 ex·

364 2247 493 2317 tranea,
507 2239 659 2320 inquam,
681 2237 822 2301 videtur
838 2237 1067 2300 conversacio
1085 2237 1160 2301 eius
1177 2257 1197 2300 a
1213 2236 1353 2303 Christo

365 2344 461 2426 quod
484 2344 593 2425 longe
609 2343 690 2424 plus
705 2341 859 2404 variatur
874 2344 918 2404 ab
940 2361 982 2405 eo
998 2362 1101 2423 quarn
1121 2342 1352 2407 conversacio

227 2480 277 2522 our
366 2448 590 2510 sacerdotum
628 2445 761 2508 veteris
788 2445 879 2528 legis
912 2466 932 2508 a
963 2446 1102 2528 Moyse,
1141 2445 1201 2527 qui
1233 2465 1352 2523 sensu,

149 2531 347 2626 9¹²¹22⁶3m¹2¹f⁰⁸⁰¹¹
366 2551 485 2615 verbis
510 2559 546 2613 et
569 2550 729 2612 doctrina
746 2559 995 2629 remanserant,
1020 2552 1084 2612 sed
1099 2550 1172 2613 vita
1188 2558 1225 2612 et
1240 2569 1351 2634 opere
1363 2580 1395 2615 ιο

174 2635 330 2732 Βοὲξξξ,ξξῗ“’
364 2663 599 2719 recesserunt
637 2654 711 2717 Iste
734 2663 850 2717 autern
877 2674 970 2737 papa
992 2654 1133 2717 videtur
1156 2663 1352 2719 extraneus

365 2758 552 2841 aChristo,
576 2759 637 2840 qui
657 2766 727 2821 tarn
747 2758 819 2822 vita
841 2779 944 2841 quarn
969 2758 1129 2821 doctrina
1152 2762 1196 2823 ab
1220 2778 1264 2822 eo
1283 2759 1353 2823 dis·

367 2865 500 2944 cordat,
524 2882 603 2925 nam
619 2864 742 2927 Matth.
759 2862 902 2944 XXIV,
923 2882 955 2925 11
977 2861 1137 2935 Christus
1153 2862 1239 2927 dicit
1254 2864 1353 2946 quod

361 2969 597 3050 predicabitur
617 2970 678 3030 hoe
705 2969 918 3048 evangelium
946 2969 992 3030 de
1014 2967 1288 3049 pseudochristo
1315 2969 1353 3031 iu

365 3075 521 3137 universo
545 3074 673 3135 iuuudo
697 3073 732 3134 iu
755 3073 987 3135 testimouium
1010 3073 1166 3135 omuibus
1183 3072 1395 3155 gentibus,25

366 3178 504 3260 pseudo
522 3184 638 3238 autem
655 3177 784 3238 nedum
800 3184 857 3240 est
869 3175 1113 3259 interpositus,
1133 3184 1173 3240 ut
1188 3175 1234 3239 sit
1249 3177 1355 3241 testis

367 3280 507 3346 Christo
535 3280 572 3342 in
601 3280 714 3359 terris,
742 3282 806 3343 sed
834 3280 1062 3363 persequitur
1083 3280 1173 3360 illos,
1200 3280 1261 3362 qui
1284 3281 1354 3344 hoc

366 3386 590 3473 evangelium
618 3392 844 3462 attestanturJ
876 3385 969 3448 unde
997 3385 1139 3448 videtur
1160 3387 1257 3468 quod
1284 3406 1353 3449 non

367 3491 411 3552 de
443 3490 511 3552 illis
535 3489 695 3553 Christus
728 3497 862 3552 tantum
883 3486 887 3575 Ι
908 3489 1065 3571 confidit,
1097 3498 1136 3553 ut
1167 3491 1212 3553 de
1240 3509 1354 3554 sacer·
1384 3523 1444 3569 ,ωε

368 3595 511 3660 dotibus
538 3595 629 3676 legis
651 3593 794 3674 veteris,
818 3614 896 3657 cum
919 3595 1042 3660 Matth.
1066 3593 1209 3673 XXIII,
1233 3617 1251 3676 3
1280 3594 1355 3659 suis
1367 3608 1399 3658 30

367 3699 534 3783 precipit:
562 3699 689 3762 Omnia
714 3717 920 3779 quecumque
947 3701 1097 3762 dixerint
1123 3700 1217 3763 vobis
1234 3699 1355 3780 facite,

367 3807 552 3867 seeundum
576 3822 682 3884 opera
704 3821 822 3867 eorum
846 3805 948 3867 nolite
965 3803 1098 3885 facere,
1125 3804 1242 3867 dieunt
1263 3804 1356 3866 euim

367 3913 398 3972 ei
421 3927 485 3971 nou
501 3908 648 3987 faciunt.
679 3905 819 3970 Dicitur
841 3914 959 3970 autem
982 3909 1078 3990 quod
1098 3906 1212 3972 nostri
1227 3905 1356 3989 prelati

369 4032 416 4074 ex
438 4011 559 4075 maiori
582 4010 813 4095 elongacione
836 4032 858 4074 a
873 4011 1013 4075 Christo
1038 4031 1104 4093 per
1126 4009 1355 4094 superinduc-

368 4124 439 4179 tam
462 4115 685 4179 dotacionem
701 4135 879 4180 cesaream
895 4135 962 4178 nec
979 4115 1101 4178 dicunt
1121 4136 1188 4178 nec
1210 4113 1354 4178 faciunt.
1367 4128 1400 4181 35

420 4392 445 4443 9.
464 4377 533 4443 Opp.
552 4387 616 4425 torn.
630 4377 661 4427 Vl
682 4377 743 4440 (Ed.
762 4377 859 4442 Migne)
878 4392 903 4442 p.
922 4374 983 4428 622.
