3008 5026
90 392 152 468 308
631 399 802 451 Jourulus
821 399 961 450 wrcrrr
1162 377 1246 467 [car.
1258 392 1298 437 n.

310 557 437 642 quitur,
466 577 545 621 cum
572 556 667 621 racio
691 555 907 621 diversitatis
935 555 982 619 sit
1008 553 1299 618 necessarioritas

123 660 291 758 '⁶lli10'lef⁰⁸⁸⁸
308 662 477 747 baptismi
493 682 600 746 supra
616 662 681 726 alia
695 671 921 726 sacramenta.
945 659 1199 724 Verumtamen
1216 662 1298 723 sub·

92 766 297 863 ffi’ss‘gggssffijigffi
306 766 461 832 tiliantes
493 767 529 832 in
556 767 627 831 Dei
658 766 828 851 potencia
855 767 1018 830 absoluta
1044 765 1167 829 dicunt
1198 765 1300 848 quod

123 870 259 967 ‘flam
306 872 399 938 sicut
414 873 513 936 Deus
529 881 653 955 potest
676 872 934 936 communicare
957 871 1087 934 nedum
1109 871 1213 953 layco
1231 870 1300 933 sed

305 974 436 1041 femine
469 997 509 1041 ac
542 976 598 1040 alii
629 976 828 1041 irracionali
857 976 1060 1060 potenciam
1088 973 1325 1038 conficiendis

305 1101 346 1145 ac
362 1081 581 1146 ministrandi
596 1081 757 1164 quelibet
773 1089 1000 1158 sacramenta,
1024 1080 1076 1143 sic
1099 1088 1135 1143 et
1154 1077 1160 1165 Ι
1179 1078 1298 1163 ipsum
1328 1084 1389 1139 238·

305 1196 430 1271 potest
466 1186 665 1251 ministrare
702 1184 904 1250 huiusmodi
947 1193 1173 1250 sacramenta
1217 1183 1297 1247 Nec

305 1292 415 1356 credo
444 1293 542 1374 quod
574 1290 699 1375 aliquis
726 1289 951 1376 impugnabit
977 1290 1074 1353 illum
1101 1289 1297 1366 articulum,

307 1395 389 1478 quia
414 1415 493 1458 cum
508 1396 618 1458 multa
634 1396 795 1458 absolute
812 1403 894 1458 sunt
909 1392 1119 1471 necessaria,
1143 1412 1214 1476 que
1240 1400 1299 1455 est

304 1499 472 1564 inefficax
503 1500 640 1583 populo
672 1499 872 1583 predicare;
906 1507 944 1562 et
975 1518 1103 1582 grosse
1133 1497 1298 1580 procedo
1313 1520 1344 1557 ιο

305 1603 343 1667 in
365 1603 433 1668 ista
455 1603 602 1668 materia
623 1601 771 1666 limitate
793 1603 976 1686 loquendo
1001 1603 1046 1665 de
1062 1621 1173 1684 posse
1189 1600 1299 1686 legali

306 1716 344 1773 et
364 1708 435 1772 Dei
457 1707 626 1792 potencia
647 1707 815 1785 ordinata,
835 1707 917 1771 ideo
935 1705 1072 1770 dimitto
1089 1704 1298 1771 scrutinium

306 1813 425 1878 talium
442 1813 707 1877 conclusionum
732 1813 908 1896 detegens
930 1811 1131 1875 sentencias
1155 1810 1297 1875 catholi-

308 1938 378 1996 cas,
402 1938 489 2001 quas
514 1919 622 1981 eredo
646 1920 823 2001 prodesse
847 1916 1008 1983 ecclesie.

112 2020 160 2082 ¹1⁰&
174 2018 275 2074 ΜΡῐῑδῐ11
350 2022 504 2086 Videtur
535 2022 643 2105 igitur
665 2022 771 2086 michi
793 2024 890 2106 quod
921 2021 1007 2085 licet
1030 2030 1066 2085 et
1089 2019 1239 2105 expedit
1261 2019 1299 2083 in
1313 2029 1343 2082 ι5

124 2085 145 2116 rs
159 2073 257 2116 allowed

109 2123 280 2234 ἰιξῇξξξζξπῗξί
309 2146 392 2190 casu
414 2128 518 2210 layco
533 2125 725 2211 baptizare,
749 2134 785 2189 et
809 2146 887 2189 curn
909 2146 981 2189 non
1005 2125 1052 2189 sit
1074 2125 1119 2188 de
1141 2124 1299 2189 necessi·

124 2230 268 2326 ,πᾷζξζξξω
308 2238 383 2295 tate
415 2230 537 2294 salutis
573 2229 826 2314 cuiuscumque
864 2229 1098 2314 predestinati
1133 2229 1299 2313 recipere

129 2334 263 2443 nffijffiy·
310 2335 542 2419 corporaliter
564 2335 630 2399 alia
653 2343 881 2413 sacramenta,
909 2333 1051 2399 videtur
1073 2334 1178 2398 michi
1200 2335 1299 2418 quod

307 2461 380 2504 non
397 2440 504 2505 debet
526 2460 734 2525 presumere
758 2440 956 2504 ministrare
980 2439 1046 2503 alia
1068 2448 1298 2519 sacramenta,

308 2554 345 2609 et
379 2545 430 2609 sic
453 2545 656 2610 reservacio
681 2566 721 2610 ac
752 2544 937 2609 restriccio
959 2544 1150 2629 potestatis
1173 2554 1300 2627 potest
1312 2569 1345 2604 ιο

307 2657 378 2714 tam
399 2652 494 2714 bene
514 2671 620 2734 quam
645 2650 735 2714 male
758 2649 845 2732 fieri,
869 2650 962 2714 sicut
980 2670 1063 2714 reus
1080 2659 1203 2732 potest
1225 2658 1299 2714 tam

308 2755 417 2819 stulte
440 2775 545 2838 quam
567 2755 627 2839 pie
656 2756 753 2820 adire
776 2755 978 2820 Romanum
1000 2754 1206 2839 pontificem
1229 2776 1298 2838 pro

309 2859 550 2923 absolucionis
574 2860 751 2924 beneficio
777 2859 981 2924 obtinendo.
1015 2860 1062 2923 Et
1085 2859 1194 2923 debet
1216 2879 1299 2943 sup·

307 2963 403 3047 poni,
434 2963 532 3046 quod
554 2964 746 3047 utrobique
768 2969 872 3043 bene,
905 2963 972 3027 nisi
1003 2964 1051 3027 sit
1073 2972 1200 3047 patens
1224 2964 1298 3027 evi·

309 3067 435 3132 dencia
467 3070 715 3135 contradicens
753 3078 790 3133 et
822 3069 1024 3153 specialiter
1058 3067 1225 3152 superbia
1258 3089 1299 3132 ac
1314 3082 1345 3132 25

309 3172 461 3236 avaricia
497 3173 625 3256 prelati
668 3182 704 3237 et
746 3174 885 3238 omnino
927 3172 1102 3256 utrimque
1144 3193 1300 3257 prepon-

107 3292 146 3336 Υοι
163 3291 287 3335 sinistre
311 3277 474 3340 derencia
505 3278 722 3343 sacramenti.
761 3278 915 3342 Videtur
953 3278 1045 3342 enim
1083 3279 1179 3360 quod
1216 3279 1301 3362 plus

127 3350 248 3440 „i‘ffi‘”

119 3396 274 3493 mipiqcrlaeuqq
312 3383 459 3446 obesset
474 3383 745 3446 monstruositas
761 3383 903 3467 peccati
918 3383 953 3446 in
969 3383 1127 3466 prescito
1143 3384 1301 3446 masculo

160 3504 184 3544 or
198 3500 237 3544 ne
312 3488 353 3549 ad
377 3486 621 3569 recipiendum
643 3488 702 3550 vel
730 3488 996 3552 ministrandum
1018 3486 1192 3573 legittime
1215 3508 1301 3570 que·

121 3558 274 3597 nemmem&
310 3591 399 3655 libet
423 3600 641 3656 sacramenta
657 3613 760 3674 quam
776 3594 870 3657 foret
887 3602 1208 3677 quantumcumque
1225 3611 1300 3655 cor·
1315 3604 1349 3656 30

310 3697 443 3781 poralis
481 3698 752 3762 monstruositas
791 3700 851 3762 vel
891 3698 1077 3762 distinccio
1116 3715 1225 3760 sexus
1265 3695 1302 3759 in

311 3800 441 3865 femina
462 3802 706 3886 predestinata
729 3813 768 3867 et
782 3803 975 3867 virtutibus
998 3809 1198 3887 perornata,
1221 3799 1301 3864 sive

311 3907 355 3970 ad
370 3906 614 3990 recipiendum
634 3908 711 3972 sive
727 3908 993 3973 ministrandum
1009 3907 1171 3993 quelibet
1185 3925 1302 3969 sacra·

311 4020 438 4090 menta,
477 4022 514 4077 et
551 4022 669 4078 tamen
705 4014 742 4078 in
779 4035 908 4100 penam
946 4014 1087 4098 peccati
1123 4010 1223 4076 multi
1255 4012 1303 4075 de

366 4287 400 4332 15.
416 4288 432 4330 ll
448 4288 470 4330 in
487 4299 573 4342 marg.:
593 4287 720 4342 Baptlrare
736 4289 759 4330 ει·
773 4293 841 4343 poles
859 4289 941 4331 laicus.
998 4301 1034 4343 27.
1054 4291 1075 4332 A
1094 4290 1117 4331 in
1137 4298 1223 4342 marga
1241 4287 1305 4333 eave

311 4357 420 4400 heresim.
