3008 5026
612 369 781 420 tonsurus
801 368 941 419 wactas
1129 350 1213 438 [cuv.
1234 365 1283 409 χιι.

289 533 319 592 et
350 530 386 592 in
419 528 558 591 veritate
584 528 778 591 solidantur
800 528 1034 608 gubernacula
1057 528 1282 608 populorum.

288 633 432 696 Iusticia
447 650 526 695 uero
549 635 642 714 regis
664 638 712 696 est
735 633 905 695 nemiuem
929 633 1053 695 iniuste
1071 649 1138 712 per
1156 635 1279 712 poten-

287 739 380 801 ciam
403 738 609 820 opprimere,
632 738 706 800 sine
725 754 959 817 personarum
980 737 1177 817 accepcione
1192 736 1282 798 iuter

287 844 403 906 uirum
431 848 462 905 et
480 842 681 922 proximum
703 859 807 903 serrem
830 842 914 904 iuste
937 841 1102 918 iudicare,
1130 841 1280 918 aduenis,

284 948 430 1028 pupillis
453 951 482 1009 et
508 946 622 1008 viduis
648 944 860 1025 defensorem
889 963 968 1025 esse,
996 945 1145 1007 cohibere
1163 943 1302 1022 furtas

290 1052 464 1114 adulteria
485 1051 621 1130 punire,
648 1050 782 1130 iniquos
808 1067 875 1112 uon
900 1050 1058 1125 exaltare,
1085 1049 1280 1130 impudicos

288 1160 317 1218 el
339 1155 520 1217 histriones
539 1172 604 1216 nou
628 1155 772 1234 nutrire,
796 1154 924 1234 impios
945 1153 987 1215 de
1009 1157 1105 1215 terra
1123 1152 1278 1232 perdere,

284 1259 481 1341 patricidas
498 1263 526 1320 el
538 1276 649 1341 prave
663 1259 808 1321 uiuentes
823 1259 934 1321 uivere
948 1274 1016 1319 non
1031 1256 1154 1333 sinere,
1177 1257 1278 1318 eccle·

288 1365 362 1427 sias
389 1362 579 1442 defendere,
608 1380 781 1442 pauperes
813 1362 1008 1424 elemosinis
1039 1362 1142 1438 alere,
1175 1361 1280 1423 iustos

288 1486 394 1551 super
415 1467 515 1547 regui
537 1466 677 1547 negocia
700 1467 908 1545 constituere,
936 1483 1032 1528 senes
1058 1465 1230 1546 sapientes
1252 1468 1280 1526 el
1294 1482 1320 1519 ιο

289 1572 420 1636 sobrios
442 1570 658 1633 consiliarios
680 1570 811 1649 babere,
836 1581 1033 1650 magorum,
1057 1569 1279 1644 ariolorum!

286 1677 560 1758 phitonissarum
576 1675 877 1755 supersticionibus
892 1693 959 1736 non
975 1674 1183 1749 contendere,
1204 1675 1279 1736 ira·
1307 1678 1359 1740 254‘

290 1781 455 1843 cundiam
478 1780 631 1862 differre,
656 1780 815 1861 patriam
834 1777 980 1859 fortiter
1001 1783 1032 1841 ct
1054 1779 1141 1841 iuste
1162 1783 1281 1840 contra

291 1885 512 1947 adversarios
535 1883 723 1963 defendere,
744 1885 934 1962 perorunia
957 1884 993 1944 iu
1008 1881 1079 1944 Deo
1103 1882 1280 1961 confidere,

287 1989 573 2072 prosperitatibus
590 1989 748 2050 animam
765 2007 831 2050 nou
848 1989 988 2064 elevare,
1003 1991 1125 2049 cuncta
1134 1987 1281 2048 aduersa
1295 1991 1321 2040 15

288 2094 465 2173 pacienter
496 2092 665 2169 tollerare,
688 2092 788 2171 filios
819 2111 900 2154 suos
931 2109 998 2154 nou
1034 2091 1146 2154 unere
1177 2091 1283 2170 impie

292 2210 403 2277 agere,
426 2197 527 2258 certis
541 2196 636 2258 horis
657 2197 873 2258 oracionibus
892 2197 1057 2273 insistere,
1079 2199 1158 2256 aute
1179 2195 1283 2256 lioras

292 2313 465 2382 congruas
487 2318 554 2362 uon
573 2306 717 2380 gustare
733 2302 854 2362 cibum.
886 2300 928 2363 Ve
950 2300 1041 2362 enim
1063 2304 1162 2376 terre,
1186 2301 1284 2361 certius

293 2425 352 2468 ren
362 2424 453 2485 puer
467 2409 514 2467 est
530 2409 559 2466 et
575 2405 672 2467 cetius
691 2405 866 2486 principes
881 2422 984 2466 mane
999 2403 1187 2466 coneedunt.
1212 2402 1285 2465 Heu·

294 2511 392 2589 regui
414 2510 678 2591 prosperitatem
707 2510 743 2570 iu
767 2509 919 2589 presenti
952 2507 1083 2571 faciunt
1110 2512 1141 2571 et
1167 2519 1283 2588 regem
1296 2525 1326 2562 20

294 2615 341 2676 aet
356 2614 489 2676 celestia
504 2624 612 2693 regna
630 2613 773 2675 erectiora
787 2614 989 2693 perducunt.
1004 2610 1051 2673 Et
1066 2620 1151 2694 post
1166 2620 1286 2674 narrat

292 2716 361 2779 iste
385 2723 529 2778 sanctus
547 2715 734 2778 duodecim
751 2716 991 2791 condiciones
1015 2734 1086 2797 que
1104 2734 1151 2777 ex
1167 2734 1284 2797 oppo-

295 2821 363 2883 sito
394 2830 673 2902 consequuntur:
708 2820 782 2901 Qui,
810 2820 935 2901 inquit,
963 2834 1109 2900 regnum
1138 2839 1205 2882 nou
1231 2839 1284 2883 se-

295 2928 443 2988 cundum
478 2927 586 3006 legem
618 2926 705 2987 liauc
737 2927 922 3006 dispensat,
954 2926 1084 2987 rnerrltas
1115 2925 1286 2987 nimirum

295 3032 521 3093 adversitates
552 3032 587 3091 iu
630 3032 776 3110 irnperio
815 3031 991 3092 tollerabit.
1029 3027 1161 3091 Idcirco
1195 3029 1328 3090 enim25

292 3155 364 3215 pax
386 3154 463 3215 sepe
485 3137 642 3215 ipsorum
668 3137 853 3216 rumpitur,
882 3134 1090 3216 offendicula
1112 3135 1222 3195 eciam
1247 3134 1287 3194 de

297 3252 401 3319 reguo
423 3241 642 3317 suscitantur,
671 3245 849 3300 terrarum
868 3238 1010 3317 fructus
1033 3237 1288 3311 dimirueuutur,

295 3344 440 3406 seruicia
469 3344 681 3423 populorum
704 3344 966 3424 prepediuutur,
1001 3342 1101 3405 multi
1128 3346 1157 3403 et
1195 3342 1289 3404 varii

296 3449 430 3509 dolores
452 3449 719 3527 prosperitatem
744 3449 842 3527 rupti
865 3448 1029 3527 inficiunt,
1061 3465 1226 3509 carorum
1260 3451 1289 3509 et

297 3552 483 3614 liberorum
500 3570 596 3613 mors
611 3553 792 3614 tristiciam
811 3551 949 3631 confert,
964 3552 1111 3614 leostiuut
1128 3551 1290 3613 incursus
1301 3560 1335 3610 30

298 3661 327 3718 et
349 3657 548 3737 prouincias
575 3658 722 3735 undique
751 3661 894 3728 uastant,
926 3657 1025 3719 bestie
1052 3661 1289 3718 armentorum

298 3767 327 3823 et
346 3779 512 3841 pecorum
537 3774 661 3841 greges
696 3763 896 3839 dilacerant,
929 3766 1110 3842 tempestas
1138 3761 1233 3823 aeris
1262 3765 1293 3822 et

297 3866 427 3945 hyeriris
449 3866 587 3928 turbata
606 3883 725 3929 rerum
741 3867 991 3948 foecunditatem
1008 3870 1037 3927 et
1053 3865 1166 3927 tuearis
1182 3865 1292 3927 mini-

352 4104 386 4147 15.
407 4104 510 4146 Recuus:
529 4116 608 4146 areima
627 4118 674 4147 uua
693 4106 789 4147 elevari.
848 4105 884 4148 30.
904 4103 983 4147 Recto:
1002 4105 1282 4158 nueu·tes...cousernnt

299 4176 330 4217 ib.
346 4174 435 4216 codd:
450 4185 538 4216 cursus.
593 4173 630 4218 33.
647 4173 736 4218 Coos:
744 4175 899 4231 foecunditate
912 4178 936 4216 et
947 4178 1027 4216 moris.

357 4313 392 4364 ¹9·
413 4298 482 4348 Eccl.
502 4298 533 4365 X,
557 4297 594 4351 16.
