3008 5026
658 371 827 423 Jounuuts
846 368 986 419 tvvctrr
1178 343 1263 432 [can.
1279 358 1317 402 n.

324 532 434 594 falsos
459 531 539 595 dico
563 550 635 594 non
661 529 811 592 clericos
837 528 901 590 sed
925 525 1062 597 idiotas,
1088 541 1219 585 vocem
1236 541 1316 603 pro-

236 619 246 624 ·
323 635 433 718 priam
471 635 688 718 ignorantes,
723 633 819 696 foret
850 641 936 694 nota
965 625 1180 693 infidelitatis
1214 624 1317 688 disci·

130 981 176 1024 aud
191 981 241 1034 give
256 993 287 1025 no

121 1034 182 1087 good
200 1045 295 1077 reasons

153 1085 189 1129 ior
203 1086 263 1130 their

145 1138 276 1181 traditione.

139 2942 184 2985 We
198 2942 283 2986 should

153 3007 197 3050 pay
211 2995 269 3037 little

133 3047 243 3090 attention
260 3055 283 3088 tu

148 3099 209 3142 them
225 3099 269 3141 and

323 742 408 823 pulo
421 738 639 802 Antichristi.
652 738 803 820 Quando
815 737 907 800 enim
919 733 1078 818 queritur
1094 734 1138 795 ab
1150 731 1202 794 eis
1219 730 1317 794 racio

324 844 417 923 facti,
434 845 493 906 vel
508 843 726 923 balbuciunt‚
752 843 913 906 dicentes
938 837 1192 901 machometice
1218 836 1318 918 quod

323 968 394 1009 non
420 948 529 1010 debet
546 948 622 1010 dari
642 950 700 1010 vel
718 946 890 1029 disputari
905 944 1000 1008 racio
1017 963 1080 1005 sue
1097 939 1342 1022 tradicionis,5

324 1071 402 1113 cum
426 1072 492 1133 per
514 1072 554 1114 se
578 1052 710 1115 sufficit
732 1054 897 1114 voluntas
921 1047 1058 1130 capitis,
1082 1047 1140 1109 vel
1161 1055 1319 1128 arguunt

323 1176 371 1217 ex
403 1155 630 1221 insufficienti
663 1155 889 1218 similitudine
922 1154 966 1216 de
997 1154 1078 1233 lege
1102 1150 1228 1225 veteri,
1256 1151 1318 1213 vel

324 1260 478 1344 allegant
511 1260 775 1324 infundabiliter
806 1261 907 1343 leges
944 1257 1107 1328 hominis,
1145 1264 1184 1318 ut
1217 1255 1318 1338 quod

322 1363 594 1427 iurisconsultus
627 1366 685 1427 vel
724 1377 864 1448 satrapa
887 1365 938 1427 sic
963 1362 1099 1441 diffinit,
1132 1380 1199 1423 nec
1232 1358 1320 1422 licet

324 1471 376 1546 (ut
399 1468 574 1550 inquiunt)
606 1469 785 1533 racionem
819 1489 970 1552 querere
1003 1477 1041 1531 ut
1072 1467 1107 1530 in
1139 1468 1223 1549 lege
1246 1463 1319 1527 Dei
1332 1503 1362 1537 10

324 1573 388 1635 sed
408 1573 452 1634 ad
476 1571 574 1654 ipsos
591 1583 630 1636 ut
645 1573 793 1656 primum
809 1573 1019 1656 principium
1036 1579 1093 1635 est
1108 1569 1318 1634 sistendum.

325 1674 512 1740 Seculares
545 1687 661 1741 autem
694 1678 886 1761 provident
927 1678 1024 1760 quod
1047 1678 1149 1758 leges
1174 1671 1317 1758 eorum}

324 1790 521 1844 consonent
544 1782 617 1865 legi
637 1782 718 1864 Dei,
743 1783 825 1865 quia
847 1781 988 1846 utilitati
1011 1790 1047 1843 et
1069 1778 1212 1859 meloni,
1237 1798 1319 1841 cum
1347 1800 1403 1853 235·

324 1885 537 1966 profitentur
553 1885 725 1948 catholice
744 1889 841 1968 quod
858 1885 970 1949 omnis
987 1887 1049 1948 lex
1066 1885 1123 1947 vel
1146 1883 1237 1946 ritus
1252 1884 1319 1944 ho-

324 1989 425 2053 minis
472 2010 541 2071 que
580 2010 648 2053 non
685 1992 795 2054 habet
827 1994 871 2053 ab
903 1991 983 2073 ipsa
1014 1987 1228 2074 principium
1262 1996 1361 2059 est15

324 2092 481 2156 heretica
505 2102 541 2156 et
564 2093 723 2176 fugibilis
747 2105 786 2157 ut
809 2115 997 2158 venenum.
1029 2095 1086 2157 Ex
1119 2112 1191 2175 quo
1214 2101 1320 2175 patet

324 2198 421 2278 quod
453 2198 515 2259 lex
546 2197 617 2260 Dei
650 2199 760 2262 debet
783 2198 897 2281 primo
934 2198 1022 2262 disci
1046 2218 1066 2261 a
1088 2216 1319 2280 quocumque

326 2301 511 2365 catholice.
537 2300 631 2383 Quid
647 2302 787 2385 inquam
804 2303 901 2364 fideli
922 2304 966 2365 de
991 2305 1074 2384 lege
1102 2301 1185 2363 alia?
1209 2300 1319 2363 Unde

323 2406 384 2468 lex
416 2405 486 2467 Dei
518 2425 596 2467 cum
629 2406 884 2469 tradicionibus
922 2406 1082 2469 humanis
1121 2404 1319 2487 sophistice

324 2520 380 2573 est
413 2509 612 2592 commixta,
652 2511 788 2574 scilicet
826 2519 866 2574 ut
897 2511 1044 2574 tradicio
1076 2509 1244 2593 pallietur
1282 2518 1320 2574 et
1331 2544 1363 2578 20

324 2613 521 2678 coloracius
561 2618 784 2679 observetur.
831 2615 1013 2680 Observet
1053 2615 1162 2697 igitur
1199 2614 1319 2677 fidelis

323 2718 496 2781 iusticiam
528 2721 620 2803 legis
654 2730 690 2782 et
721 2730 823 2802 paret
856 2741 896 2783 se
928 2723 972 2784 ad
1001 2719 1242 2783 sufferendum
1268 2720 1319 2782 in·

323 2823 428 2885 iurias
462 2834 499 2887 et
530 2844 642 2906 penas
675 2846 741 2906 pro
766 2826 959 2890 omissione
982 2826 1102 2907 legum
1126 2824 1319 2889 hominum.

327 2928 404 2991 Hoc
422 2928 513 2991 enim
538 2931 673 2991 directe
690 2932 865 2993 accelerat
879 2929 1052 2993 viatorem
1070 2930 1114 2991 ad
1129 2929 1319 2991 terminum

326 3042 362 3095 et
400 3033 606 3114 oppositum
645 3034 765 3096 deviat
803 3035 860 3097 vel
894 3035 1059 3097 retardat.
1099 3033 1361 3097 Conceditur25

115 3152 206 3206 repens
222 3164 252 3193 ou
268 3152 306 3193 ue
326 3136 436 3218 igitur
467 3138 563 3218 quod
587 3137 675 3199 ritus
700 3147 736 3200 et
759 3139 860 3223 leges
884 3140 1035 3201 honeste
1060 3159 1107 3201 ex
1129 3139 1212 3220 lege
1237 3138 1317 3200 Do·

129 3203 172 3246 law
187 3204 214 3247 ol
227 3202 288 3246 God.

325 3240 407 3302 mini
432 3240 587 3321 eliquate
604 3250 686 3305 sunt
702 3241 735 3304 in
761 3262 826 3304 suo
844 3242 966 3304 ordine
984 3243 1217 3308 observande.
1243 3241 1320 3306 Sed

326 3352 451 3406 caveat
484 3344 694 3408 christianus
727 3347 772 3408 de
795 3346 978 3409 nimietate
1003 3347 1111 3410 studii
1135 3367 1257 3409 eorum
1282 3357 1320 3410 et

324 3448 569 3527 observancie;
603 3469 798 3533 suspensus
826 3450 946 3532 itaque
971 3450 1006 3512 in
1037 3452 1121 3533 lege
1144 3450 1214 3513 Dei
1240 3453 1320 3514 sine

324 3551 483 3614 ulteriori
500 3553 738 3616 sollicitudine
762 3554 807 3617 sit
824 3564 1015 3618 contentus
1040 3556 1084 3617 de
1108 3555 1194 3618 flatu
1218 3557 1318 3638 spiri·
1332 3571 1365 3622 30

325 3665 383 3719 tus
417 3656 492 3720 sine
525 3657 602 3721 istis
637 3660 953 3743 extravagantibus
987 3660 1181 3744 dirigentis.
1221 3659 1320 3742 Quid

326 3780 437 3841 queso
461 3761 556 3823 fideli
582 3763 625 3824 de
650 3763 775 3845 gentili
797 3763 865 3826 ritu
890 3765 948 3826 vel
963 3764 1162 3847 phariseico
1181 3764 1249 3827 nisi
1273 3767 1319 3830 de

325 3874 459 3946 quanto
491 3867 655 3928 modeste
687 3866 832 3931 facilitat
857 3870 900 3931 ad
924 3868 1192 3931 observanciam
1223 3869 1320 3955 legis

324 3970 414 4032 Dei?
437 3969 543 4032 Unde
566 3971 723 4054 graviter
739 3984 940 4054 peccarunt,
964 3973 1024 4055 qui
1040 3973 1321 4040 introduxerunt

377 4227 399 4271 3.
414 4226 489 4271 Codd.
510 4229 533 4271 in
554 4240 639 4283 marg:
658 4229 758 4282 diruam,
774 4231 930 4274 tradicionum
950 4236 973 4274 et
990 4233 1182 4276 consuetudinum
1200 4232 1321 4287 defensio.

327 4297 358 4340 ui.
375 4297 451 4341 (laud.
466 4297 489 4340 in
506 4309 592 4351 marga:
610 4299 657 4341 Lex
674 4299 830 4342 hermanno
849 4306 882 4343 est
895 4300 1018 4345 studenda.
