3008 5026
196 385 264 430 cla
285 373 346 453 m]
497 390 541 439 ou
561 388 771 440 rorasrrrs
791 389 888 439 rara.

195 546 231 609 in
260 554 353 609 statu
376 546 646 630 possessionato
675 545 877 609 meritorius
904 547 986 629 plus
1008 546 1185 628 prodesse

197 649 357 717 ecclesie.
395 650 483 714 Ideo
511 652 619 714 stulte
648 659 685 713 et
712 650 788 712 sine
817 669 921 713 causa
952 670 1054 733 quam
1083 651 1183 714 Deus

196 756 371 837 approbat
395 754 560 818 viverent
586 754 636 817 sic
664 774 772 837 parce
800 763 905 837 atque
937 754 1122 837 penaliter,
1153 755 1185 819 si

196 859 247 922 sic
264 858 406 922 deficiat
420 859 602 942 perfeccio
619 859 673 922 sui
696 868 819 924 status.
845 858 932 922 Ideo
954 857 1024 942 ipsi
1048 861 1184 924 debent

170 970 278 1026 §esse
302 963 528 1046 singulariter
550 964 693 1045 pugiles
716 963 819 1027 huius
836 963 1030 1040 sentencie,
1053 965 1183 1028 nedum

195 1067 277 1150 quia
300 1075 355 1130 est
377 1066 642 1130 fundamentum
666 1067 721 1130 sui
737 1067 880 1147 ordinis,
903 1068 969 1131 sed
984 1068 1067 1151 quia
1080 1071 1182 1153 leges

196 1171 348 1234 ecclesie
376 1180 413 1234 et
440 1172 529 1234 fides
553 1171 728 1254 scripture
753 1192 832 1235 cum
859 1171 1061 1237 racionibus
1088 1172 1182 1238 idem

196 1275 326 1340 dicunt.

237 1381 284 1443 Et
305 1401 371 1464 per
392 1381 489 1445 idem
510 1381 670 1463 sequitur
693 1383 790 1464 quod
813 1381 850 1445 in
873 1381 1024 1445 dominis
1047 1390 1181 1466 tempo·
1205 1395 1240 1438 As
1254 1394 1292 1437 the
1306 1395 1381 1438 world

1219 1458 1297 1501 grows
1307 1446 1374 1491 older

154 1485 325 1548 toralibus
359 1495 394 1548 et
420 1495 496 1549 tota
524 1486 676 1549 ecclesia
702 1486 795 1549 foret
823 1494 936 1549 status
963 1486 1022 1549 ille
1056 1486 1182 1566 utilior,
1206 1500 1384 1596 incapacem

195 1589 277 1673 quia
300 1590 400 1654 aliter
423 1590 582 1672 religiosi
609 1592 717 1654 stulte
742 1599 779 1653 et
801 1590 1000 1674 irreligiose
1024 1591 1184 1655 facerent
1203 1603 1379 1700 uppreedpetpssbep

104 1699 165 1754 253⁴
193 1696 324 1757 multos
339 1693 475 1760 fratres.
492 1694 538 1758 Et
554 1704 653 1778 patet
669 1714 715 1757 ex
726 1696 851 1757 eodem
862 1696 958 1777 quod
973 1714 1036 1757 suc
1049 1693 1053 1778 l
1066 1696 1181 1759 cessio
1383 1690 1388 1700 '

193 1798 364 1881 temporis
380 1819 451 1861 non
467 1798 623 1881 impedit,
648 1801 712 1862 sed
732 1799 880 1880 requirit
896 1799 992 1881 quod
1009 1800 1181 1863 debemus

193 1902 244 1964 sic
267 1901 401 1979 vivere,
433 1922 517 1985 ymo
546 1901 717 1983 temporis
745 1902 1002 1984 periculositas,
1034 1912 1182 1985 tempta·

152 2004 306 2070 15cionis
339 2006 528 2069 crudelitas
562 2016 598 2070 et
635 2007 882 2087 temporalium
921 2006 1181 2070 detestabilitas

194 2112 326 2173 docent
340 2130 406 2173 nos
422 2131 515 2173 nunc
532 2111 658 2193 pocius
674 2111 850 2174 mundana
865 2111 1082 2193 relinquere;
1101 2131 1181 2175 nam

193 2225 405 2280 senescente
420 2217 549 2280 mundo
568 2225 623 2279 est
636 2218 743 2278 homo
760 2216 908 2299 pronior
924 2217 968 2278 ad
982 2215 1180 2293 avariciam,

194 2328 229 2383 et
259 2319 341 2382 hinc
373 2321 549 2403 dyabolus
582 2329 760 2403 temptans
791 2321 827 2384 in
858 2321 927 2383 hoc
956 2319 1097 2383 acucius
1125 2328 1182 2384 est

194 2424 336 2488 caucius
367 2424 574 2489 obviandus.
614 2424 660 2487 Et
692 2433 801 2507 patet,
839 2426 936 2507 quod
972 2434 1028 2488 est
1059 2434 1181 2489 contra

150 2551 183 2587 20
193 2528 367 2591 racionem
397 2530 465 2591 hec
499 2529 655 2607 avaricia,
689 2528 770 2610 quia
801 2549 860 2592 res
892 2529 1066 2592 mundane
1099 2538 1181 2593 sunt

193 2635 274 2715 plus
302 2633 406 2696 solito
435 2633 548 2715 magis
570 2631 759 2708 flexibiles
788 2642 825 2696 et
851 2632 996 2715 peiores
1018 2632 1179 2696 homines
1266 2658 1268 2661 ·

194 2747 276 2800 sunt
298 2738 378 2820 plus
403 2737 540 2799 debiles
569 2738 615 2799 ad
643 2739 869 2819 gaudendum
898 2736 933 2799 in
956 2737 1024 2800 illis
1049 2746 1085 2800 et
1107 2738 1180 2801 vita

192 2842 392 2914 breviores;
428 2862 506 2903 cum
537 2841 647 2923 igitur
674 2862 746 2904 non
773 2840 904 2904 faciant
931 2843 994 2904 sed
1023 2842 1181 2906 excitant

193 2947 237 3008 ad
260 2946 472 3009 sitibundius
496 2947 749 3029 appetendum,
772 2955 873 3029 patet
896 2966 941 3008 ex
963 2947 1123 3011 doctrina
1144 2947 1179 3009 in

148 3062 180 3112 25
193 3050 336 3114 caritate
360 3050 539 3133 sapiencie
564 3052 660 3132 quod
687 3049 756 3113 illis
783 3050 930 3114 remotis
959 3060 1042 3113 sunt
1063 3050 1180 3114 futura

191 3154 384 3236 spiritualia
415 3157 625 3237 appetenda,
654 3164 690 3217 et
712 3154 762 3216 illi
790 3155 851 3236 qui
879 3175 925 3216 ex
954 3154 1179 3237 obligacione

191 3259 316 3322 vivunt
343 3259 449 3322 vitam
479 3259 799 3341 exproprietariam
822 3259 925 3322 nimis
950 3261 1178 3342 degenerant,

192 3364 222 3426 si
244 3363 302 3426 isti
326 3363 507 3427 sentencie
531 3363 636 3426 tacite
653 3366 710 3426 vel
735 3383 910 3446 expresse
928 3364 1178 3428 contradicant.

234 3467 291 3530 Ex
322 3468 399 3531 istis
433 3468 610 3550 colligitur
641 3469 720 3532 talis
751 3468 846 3530 racio
880 3489 927 3530 ex
959 3469 1041 3550 lege
1073 3467 1177 3550 primi
1233 3482 1349 3526 Thanna

1195 3536 1387 3579 commundment

148 3585 181 3634 30
191 3573 345 3636 mandati
361 3574 517 3636 secunde
533 3574 662 3650 tabule,
687 3573 800 3635 omnis
815 3575 922 3635 homo
940 3574 1049 3634 debet
1067 3575 1175 3635 hono·
1204 3587 1377 3682 rpppgprugutp

190 3698 269 3740 rare
293 3685 448 3741 sanctam
472 3687 616 3740 matrem
642 3677 841 3758 ecclesiam,
870 3677 934 3740 sed
961 3678 1076 3738 honor
1100 3677 1176 3740 eius
1217 3692 1310 3787 phprucp
1321 3691 1367 3787 :25

190 3781 382 3864 precipuus
410 3781 505 3844 foret
533 3782 671 3844 auferre
704 3784 747 3843 ab
777 3801 818 3843 ea
849 3780 1078 3864 turpitudinis
1106 3802 1174 3844 ma·
1192 3797 1365 3892 birempveap..

191 3887 312 3962 culam,
348 3886 524 3948 servando
557 3886 592 3948 in
625 3905 667 3947 ea
699 3894 828 3948 statum
860 3895 929 3947 tam
964 3884 1105 3968 dignum
1139 3895 1176 3950 et
1216 3854 1254 3891 ⁰¹⁸
1279 3859 1327 3891 ‘⁰⁰¹
1353 3860 1386 3892 ω

189 3989 342 4054 nobilem
374 3998 410 4052 et
442 3991 575 4052 tuendo
608 3989 791 4071 pristinam
822 3989 1030 4069 libertatem,
1068 3988 1176 4070 igitur

146 4093 303 4158 350mnis
329 4094 436 4157 homo
466 4104 503 4157 et
529 4093 732 4177 specialiter
759 4092 926 4156 secularis
950 4091 1111 4155 dominus
1135 4113 1175 4156 ac

243 4263 402 4322 23.Jac1·anr;
424 4265 454 4307 ita
476 4265 545 4309 codd.
615 4277 651 4320 ²9·
668 4265 743 4308 codd,
760 4265 782 4308 in
799 4277 884 4318 marg:
901 4261 1001 4316 Auferre
1014 4263 1074 4306 tona
1089 4267 1173 4318 tempo·

190 4335 253 4380 ralia
267 4339 433 4389 argumentum
447 4335 539 4378 tonum.
