3008 5026
721 378 890 430 IOHANNIS
908 377 1048 429 WYCLIF
1242 361 1325 442 [CAP.
1341 373 1382 418 xl.

391 535 598 618 utrobique3
615 534 724 618 igitur
740 534 833 598 sicut
847 534 931 598 licet
945 535 1049 617 layco
1065 542 1215 617 propter
1224 534 1381 598 necessi·

390 648 499 705 tatem
522 639 729 704 sacramenti
752 638 948 702 ministrare
970 637 1194 720 baptismum,
1218 638 1269 702 sic
1292 639 1383 703 etin

393 764 476 807 casu
498 742 722 806 necessitatis
749 742 835 805 licet
861 742 929 805 sibi
956 741 1152 806 ministrare
1176 742 1245 805 alia
1267 762 1381 806 sacra·

391 855 518 911 menta.
540 847 771 911 Antecedens
787 846 930 910 videtur
953 867 1001 909 ex
1022 846 1103 924 hoc,
1126 846 1224 928 quod
1245 848 1382 910 nullum

391 950 539 1015 istorum
573 949 578 1035 Ι
613 959 911 1014 sacramentorum
956 957 1011 1013 est
1052 949 1293 1014 necessarium
1336 952 1383 1014 ad
1416 957 1472 1010 238·

393 1056 542 1119 salutem
567 1054 633 1118 nisi
656 1055 870 1118 necessitate
894 1074 942 1117 ex
965 1053 1228 1137 supposicione.

207 1159 347 1203 ⁰1⁵¹¹¹¹⁶¹i0¹¹
433 1159 503 1221 Hic
534 1158 662 1222 dicitur
685 1161 782 1242 quod
814 1159 958 1223 materia
988 1158 1056 1222 ista
1083 1159 1231 1242 requirit
1256 1159 1381 1224 funda-

196 1210 359 1319 bappirprgepnd
390 1263 498 1327 bilem
532 1263 810 1327 declaracionem
847 1273 1148 1327 sacramentorum
1187 1284 1265 1328 curn
1304 1266 1381 1330 suis

202 1315 354 1411 ῡκξῡῐέϊᾬῑδ·
391 1367 628 1452 passionibus.
651 1367 739 1432 Ideo
765 1377 936 1452 opportet
951 1368 1079 1432 leviter
1102 1376 1138 1431 et
1159 1369 1322 1433 breviter
1344 1371 1383 1434 in

389 1472 467 1537 istis
490 1482 738 1537 transcurrere.
765 1473 918 1538 Videtur
941 1473 1032 1536 enim
1061 1475 1158 1557 quod
1180 1473 1381 1557 baptismus
1397 1497 1426 1530 ιο

389 1578 497 1641 habet
513 1577 681 1641 maiorem
691 1577 936 1641 auctoritatem
952 1577 1127 1659 scripture
1139 1597 1243 1661 quam
1253 1586 1383 1642 nostra

389 1681 590 1765 penitencia
630 1680 830 1745 humanitus
868 1680 1228 1746 circumstancionata.
1272 1681 1382 1746 Unde

389 1785 533 1849 videtur
554 1785 668 1862 michi,
693 1787 790 1867 quod
813 1786 904 1848 sicut
927 1805 998 1848 uon
1023 1794 1079 1848 est
1098 1785 1272 1867 possibile
1297 1807 1381 1869 pec·

390 1898 542 1953 catorem
559 1888 687 1952 salvari
709 1888 777 1952 nisi
798 1889 1000 1971 baptizetur
1019 1889 1198 1972 baptismo
1220 1888 1381 1970 flaminiS,

390 1995 440 2058 sic
475 2014 541 2057 nec
578 2003 634 2056 est
670 1993 846 2076 possibile
886 2002 1113 2076 peccatorem
1149 1995 1275 2057 salvari
1314 1995 1424 2061 nisi15

214 2130 343 2176 penum,
389 2106 507 2161 mente
530 2097 705 2182 peniteat;
730 2106 972 2162 verumtamen
994 2098 1137 2161 videtur
1165 2099 1261 2182 quod
1284 2101 1383 2163 nulla

389 2202 566 2285 scriptura
598 2203 720 2267 obviat
751 2204 815 2265 sed
849 2210 1030 2282 consonat,
1063 2203 1161 2284 quod
1189 2209 1380 2285 quantum·

391 2327 542 2390 cumque
570 2307 690 2391 gravis
717 2306 946 2390 peccatorio
968 2307 1039 2370 fine
1067 2307 1239 2370 contritus
1261 2306 1381 2388 fuerit,

389 2420 427 2475 et
464 2412 494 2475 si
526 2414 658 2475 nullum
690 2413 914 2476 sacerdotem
948 2432 1070 2475 secum
1103 2423 1380 2478 conversantem

390 2517 608 2580 consuluerit
627 2525 688 2579 aut
707 2525 855 2599 peccata
871 2537 934 2580 sua
950 2515 1190 2580 auriculariter
1206 2517 1240 2580 ei
1256 2527 1380 2582 osten·
1393 2540 1425 2575 20

391 2620 482 2685 derit
498 2628 534 2683 et
550 2620 701 2685 dicendo
719 2623 829 2685 verba
843 2621 1041 2685 humanitus
1065 2621 1212 2685 inventa
1235 2642 1381 2688 manum

389 2745 499 2808 super
522 2734 630 2808 caput
651 2725 844 2809 penitentis
860 2725 1078 2809 imposuerit,
1101 2746 1174 2789 nou
1197 2746 1240 2789 eo
1264 2726 1381 2793 minus

388 2849 454 2912 per
492 2829 752 2893 absolucionem
778 2829 908 2894 Christi
940 2850 1046 2912 quem
1077 2838 1248 2914 opportet
1279 2833 1382 2915 prius

389 2933 577 2997 absolvere
601 2943 655 2997 est
677 2953 763 2998 vere
784 2935 827 2997 de
849 2954 996 2998 numero
1014 2937 1272 3017 salvandorum,
1295 2936 1383 3020 quia

390 3038 622 3103 communiter
651 3038 688 3101 in
721 3039 941 3103 contricione
964 3040 1172 3123 precedenti
1192 3050 1382 3123 peccatum
1395 3050 1425 3101 25

388 3144 527 3207 deletur
545 3163 563 3205 a
581 3142 746 3208 Domino.
769 3143 1019 3208 Verumtamen
1038 3143 1255 3208 meritorium
1271 3153 1381 3229 atque

181 3258 370 3355 angilliam
387 3247 598 3330 legittimum
632 3256 688 3310 est
721 3248 882 3312 confiteri
914 3252 1108 3313 secundum
1140 3248 1288 3312 formam
1311 3250 1381 3313 iam

211 3364 339 3419 absolutely
390 3359 590 3414 currentem
622 3351 839 3434 presbitero,
901 3354 966 3416 sed
1017 3353 1382 3437 preternecessarium

212 3427 345 3471 necessary.
390 3456 508 3538 quoad
531 3456 779 3535 salvacionem,
813 3465 848 3519 et
879 3457 964 3520 licet
991 3459 1173 3542 posterius
1196 3459 1380 3523 sufficiens

391 3568 427 3623 et
449 3560 638 3643 negligens
672 3561 830 3625 confiteri
852 3562 999 3645 proprio
1033 3564 1209 3628 sacerdoti
1231 3564 1381 3629 incurrit
1393 3575 1425 3625 30

390 3662 560 3728 offensam
583 3665 738 3743 Domini,
771 3675 886 3729 tamen
919 3666 978 3730 illa
1000 3667 1138 3732 offensa
1159 3689 1225 3752 per
1249 3669 1380 3733 contri·

390 3768 527 3832 cionem
551 3768 663 3832 anime
686 3778 811 3852 potest
832 3771 919 3850 tolli,
948 3774 1041 3835 unde
1070 3773 1225 3837 officium
1248 3775 1381 3857 prelati

389 3872 483 3936 foret
507 3873 697 3938 ostendere
721 3874 921 3939 libertatem
938 3875 1068 3940 Christi
1086 3878 1236 3941 ecclesie
1252 3886 1290 3942 et
1305 3899 1380 3943 non

442 4194 476 4226 12.
491 4183 568 4226 Codd.
583 4182 606 4226 in
622 4195 709 4239 marg.:
730 4183 865 4239 Baptismus
881 4184 983 4239 [laminis
1002 4192 1037 4231 est
1054 4189 1202 4231 necessarius
1220 4189 1252 4232 ad
1268 4189 1378 4234 salutem.

389 4251 421 4296 16.
439 4253 467 4295 B:
482 4256 587 4296 mentem.
642 4253 680 4297 26.
692 4251 768 4298 codd.
778 4254 802 4298 in
814 4266 900 4310 murga
913 4255 1038 4312 Confessio
1048 4258 1192 4301 nurr'culnrr'r
1201 4263 1235 4301 est
1243 4259 1378 4304 meritoria.

389 4331 426 4375 27.
442 4321 472 4364 B:
487 4325 520 4363 est
534 4322 604 4364 deest.
