3008 5026
705 392 876 443 ,tonsurus
896 392 1036 444 wreus
1239 371 1322 461 [cre.
1336 382 1366 427 n.

376 548 483 612 Jacob
508 567 608 631 quem
635 549 744 612 noluit
776 549 979 626 benedicere,
1005 554 1044 612 ut
1074 550 1111 612 in
1134 549 1366 612 benediccione

377 674 444 719 non
475 655 626 718 hominis
656 655 844 718 ostenderet
874 654 1073 734 beneficium
1099 655 1160 717 sed
1181 653 1248 718 Dei
1270 654 1365 717 bene·

376 760 527 824 dicentis.
548 758 700 842 Denique
715 760 845 822 dictum
861 765 910 823 est
924 760 961 822 in
978 757 1143 822 Numeris
1161 760 1210 822 ad
1224 756 1365 839 Moysen

377 870 407 928 et
421 864 542 929 Aaron
556 863 764 928 sacerdotes:
785 864 849 928 Vos
858 865 976 946 ponite
990 882 1113 928 nomen
1130 882 1245 927 meum
1260 881 1367 945 super

375 970 477 1049 filios
498 967 643 1049 Israhel,
675 982 736 1050 ego
760 968 932 1033 Dominus
964 970 1158 1033 benedicam
1191 987 1258 1033 vos.
1296 967 1392 1032 Nece

376 1074 535 1138 uoluntas
555 1074 745 1137 sacerdotis
766 1075 878 1138 obesse
892 1079 953 1136 aut
963 1075 1128 1154 prodesse
1145 1075 1257 1155 possit
1272 1074 1368 1136 nitra

377 1180 540 1243 meritum
578 1179 844 1242 benediccionem
870 1179 1050 1259 poscentis.
1091 1177 1169 1241 Nec
1197 1176 1365 1264 dubium}

376 1283 474 1347 fideli
497 1285 543 1346 de
564 1283 633 1347 ista
655 1283 847 1347 sentencia.
1399 1271 1440 1324 ¹5⁸

161 1400 221 1445 How
233 1401 272 1444 the
287 1411 368 1460 noret
420 1387 495 1455 Sed
510 1388 623 1453 tercio
645 1387 889 1472 principaliter
904 1388 1062 1472 arguitur
1086 1389 1131 1452 de
1147 1388 1254 1452 modo
1273 1407 1366 1450 com-

187 1453 342 1550 {gigas}
377 1493 540 1557 mittendi
571 1501 772 1576 potestates
804 1513 872 1558 nec
903 1513 976 1558 non
1008 1494 1054 1557 de
1077 1493 1202 1557 ordine
1227 1502 1264 1557 et
1285 1512 1365 1576 per·
1379 1513 1411 1551 ιο

378 1598 519 1663 dicione
541 1606 762 1682 potestatum
786 1599 955 1676 ecclesie;
980 1607 1016 1662 et
1040 1620 1110 1682 que
1133 1605 1297 1681 potestas
1320 1597 1367 1660 sit

379 1702 444 1766 alia
492 1703 708 1768 restancior?

176 1801 325 1910 ⁰⁰dbyssfffl¹⁸
339 1799 356 1843 ³²
422 1724 601 1890 Quiantum
638 1810 684 1871 ad
719 1809 870 1892 primum
901 1818 1011 1892 patet,
1056 1829 1134 1872 cum
1166 1810 1268 1871 Deus
1307 1808 1368 1870 dat

160 1905 367 2012 igffiggffi'fflsd
380 1931 519 1976 omnem
541 1921 761 1996 potestatem
775 1913 951 1989 vicariam,
976 1915 1115 1997 qualem
1135 1915 1249 1977 solum
1264 1912 1368 1975 Deus

180 2024 348 2119 untmiiemm.
379 2018 614 2082 communicat
646 2028 818 2096 creature,
855 2040 928 2083 non
950 2019 1062 2082 refert
1084 2019 1162 2082 sive
1197 2018 1234 2080 in
1261 2016 1366 2100 signo
1381 2024 1410 2075 15

379 2121 547 2204 sensibili,
580 2123 658 2187 sive
696 2123 932 2209 inspiracione
962 2124 1101 2188 interna
1131 2123 1233 2186 Deus
1263 2130 1366 2205 pote-

379 2234 506 2290 statem
517 2229 623 2291 talem
634 2228 1369 2311 communicaveritcreature,quiaoportet

379 2330 521 2395 omnino
575 2334 672 2415 quod
712 2333 967 2398 insensibiliter
1009 2331 1245 2397 communicet
1290 2331 1368 2395 sive

379 2445 634 2501 sacramentum
667 2437 837 2502 sensibile
869 2437 1009 2502 affuerit
1035 2437 1113 2501 sive
1141 2457 1221 2500 non.
1259 2435 1367 2499 Unde

377 2560 469 2602 vana
493 2550 549 2604 est
572 2541 777 2619 concencio,
801 2543 943 2625 quando
961 2551 999 2606 et
1014 2542 1195 2625 quomodo
1212 2539 1369 2624 apostoli
1381 2563 1414 2597 20

378 2644 463 2709 facti
485 2645 626 2709 fuerant
649 2648 868 2722 sacerdotes,
892 2655 932 2710 ut
954 2646 1199 2709 Ardmacanus
1221 2644 1314 2709 libro
1332 2644 1368 2708 II

377 2748 436 2812 De
479 2748 737 2831 Questionibus
781 2749 1016 2813 Armenorum
1059 2750 1185 2814 recitat
1227 2758 1370 2834 septem

379 2851 566 2936 opiniones
580 2854 617 2918 in
632 2854 699 2918 ista
712 2855 865 2919 materia
882 2854 1000 2918 Prima
1013 2855 1097 2918 dicit
1108 2854 1215 2937 quod,
1226 2855 1369 2937 quando

380 2956 541 3022 Christus
565 2958 659 3021 dixit
682 2959 733 3022 eis
756 2960 865 3024 Math.
887 2959 1029 3041 XVIII,
1057 2963 1108 3022 18:
1142 2958 1371 3041 Quodcunque

379 3065 571 3145 ligaveritis
596 3082 700 3146 snper
727 3070 860 3127 terram
888 3065 954 3128 erit
980 3066 1129 3146 ligatum
1157 3070 1187 3127 et
1214 3065 1251 3126 in
1279 3065 1370 3141 celis,
1381 3069 1413 3120 25

380 3169 537 3231 secunda
552 3167 648 3247 dicit,
673 3169 816 3251 quando
840 3168 876 3231 in
900 3188 989 3231 cena
1012 3167 1103 3230 dixit
1126 3168 1300 3249 apostolis
1326 3168 1371 3230 de

380 3271 610 3335 confeccione
635 3271 837 3352 eukaristie,
860 3273 921 3335 hoc
939 3272 1050 3353 facite
1076 3273 1112 3334 in
1136 3291 1251 3336 meam
1275 3290 1368 3335 com·

379 3378 680 3458 memoracionem,
715 3378 759 3439 de
791 3397 861 3459 quo
893 3376 992 3441 Luce
1016 3375 1143 3452 XXII,
1172 3398 1225 3457 193
1261 3377 1372 3439 tercia

379 3480 498 3564 opinio
516 3480 601 3545 dicit
625 3481 732 3563 quod,
757 3481 899 3563 quando
916 3479 1076 3546 Christus
1091 3480 1229 3545 inflavit
1250 3481 1286 3545 in
1308 3500 1372 3544 eos

381 3585 518 3649 dicens:
546 3585 697 3667 Accipite
724 3582 896 3667 Spiritum
925 3583 1102 3664 Sanctum,
1132 3605 1279 3667 quorum
1312 3593 1416 3650 re-so

379 3688 545 3753 miseritis
563 3694 715 3772 peccata,
739 3691 955 3754 remittentur
973 3693 1030 3770 eis,
1052 3690 1130 3769 Joh.
1146 3690 1235 3771 XX,
1253 3707 1304 3768 22,
1322 3710 1372 3770 ²3·

381 3791 515 3874 Quarta
559 3793 679 3877 opinio
731 3793 818 3857 dicit
860 3796 959 3877 quod
1001 3795 1058 3858 die
1099 3796 1372 3868 Penthecostes‚

382 3896 524 3977 quando
549 3896 705 3981 Spiritus
729 3896 881 3963 Sanctus
914 3899 1079 3983 apparuit
1107 3899 1158 3963 eis
1181 3900 1217 3963 in
1240 3899 1372 3983 linguis

434 4135 472 4180 ab.
488 4135 517 4178 B:
533 4136 590 4179 dicit
607 4135 684 4192 quod,·
706 4136 747 4179 ΑΒ
765 4137 788 4179 in
810 4149 896 4192 marga
916 4138 1024 4192 Apostoli
1041 4138 1137 4194 quando
1149 4136 1217 4196 sacti
1228 4143 1282 4182 sunt
1295 4149 1373 4181 sacer·

380 4205 455 4247 dotes.

437 4329 457 4378 5.
479 4331 555 4380 Num.
569 4331 612 4391 Vl,
633 4342 673 4394 27.
