3008 5026
116 397 188 442 CAP.
207 384 269 464 llll]
420 400 465 451 DE
484 398 694 451 POTESTATE
713 400 810 452 ΡΑΡΕ.

117 556 227 642 igitur
250 558 430 639 quomodo
452 555 546 620 omni
569 555 716 620 facinori
748 555 910 639 perversi
929 556 1106 640 prepositi

117 681 226 744 quem
241 661 349 725 stulte
366 660 417 725 sic
433 659 572 744 preficit
587 668 643 726 est
658 679 731 723 non
746 662 859 725 solum
874 660 1106 725 consenciens

118 765 184 828 sed
220 764 337 848 ipsum
376 764 573 848 capitaliter
596 764 830 838 auctorizans;
871 784 966 848 pape
1000 764 1108 850 igitur

118 867 335 934 sanctissimi
349 869 451 933 istam
469 868 719 933 dominativam
733 868 880 933 formam
898 868 1107 952 preficiendi

89 973 326 1057 5prepositos
343 994 414 1037 non
430 981 656 1057 temptarunt.
682 972 761 1056 Que
778 972 887 1059 igitur
902 971 1106 1056 prudencia,

118 1078 216 1160 quod
238 1077 447 1141 infirmiores
470 1097 565 1161 pape
587 1079 655 1141 hoc
679 1077 861 1141 facerent?

162 1181 261 1261 Item,
284 1201 395 1265 grave
419 1189 606 1264 peccatum
630 1190 688 1246 est
709 1180 905 1265 propositis
929 1200 950 1244 e
970 1181 1106 1244 duabus

116 1285 279 1369 partibus
303 1285 417 1348 minus
440 1287 535 1349 bona
558 1285 703 1368 eligere,
735 1287 799 1350 sed
822 1286 891 1349 hoc
915 1305 1002 1368 sepe
1026 1303 1105 1348 con·

117 1389 225 1471 tingit
260 1391 295 1454 in
333 1389 571 1473 preposituris
602 1389 800 1472 papalibus,
838 1389 946 1474 igitur
984 1388 1106 1471 sepius

70 1502 201 1558 rosunt
237 1493 366 1576 inique,
411 1491 499 1574 Quis
529 1511 616 1578 ergo
650 1493 749 1556 color
777 1491 1106 1557 excommunicandi

116 1618 248 1679 omnes,
277 1596 337 1681 qui
359 1597 530 1661 resistunt
553 1583 685 1681 pagine
701 1606 770 1661 tam
792 1597 920 1680 inique.
948 1595 1021 1661 iste
1044 1596 1104 1660 ita·

118 1722 190 1785 que
222 1723 320 1766 error
356 1721 445 1786 sepe
478 1701 636 1765 devolvit
669 1701 881 1785 profundius
914 1702 1011 1784 quod
1046 1721 1104 1764 ex·

119 1807 397 1871 communicetur
419 1824 584 1889 persona,
608 1806 689 1889 quia
712 1805 798 1869 facit
820 1815 859 1869 ut
891 1807 1001 1869 debet
1025 1826 1103 1871 con·

116 1911 278 1976 formiter
299 1911 373 1995 legi
395 1910 476 1974 Dei.

71 2025 104 2075 15
161 2018 392 2099 Assumptum
415 2022 515 2098 patet
538 2034 584 2077 ex
606 2015 686 2097 hoc,
721 2015 819 2096 quod
840 2014 943 2078 Deus
966 2015 1044 2078 vult
1068 2022 1105 2077 et

116 2121 272 2205 precipit
303 2120 401 2204 quod
433 2121 538 2184 homo
562 2119 672 2203 eligat
700 2118 859 2202 pociora,
892 2118 973 2202 quia
1005 2118 1106 2182 aliter

118 2233 350 2290 excusaretur
365 2223 529 2303 stulticia,
544 2243 588 2286 ne
605 2222 720 2308 sapiat
733 2231 918 2306 peccatum
931 2231 967 2286 et
981 2222 1106 2286 liceret

116 2329 290 2393 voluntati
318 2328 389 2392 Dei
421 2327 614 2412 quamlibet
645 2328 844 2392 deformari.
888 2327 1104 2411 Principium

115 2432 225 2516 igitur
246 2443 372 2497 nature
397 2441 462 2511 est,
494 2433 591 2515 quod
622 2433 730 2496 homo
754 2433 862 2516 eligat
884 2431 952 2495 sibi
975 2431 1104 2509 utilius,

68 2561 105 2595 ιο
115 2536 198 2600 ideo
230 2538 335 2621 plane
368 2540 530 2620 sequitur
562 2557 608 2599 ex
639 2536 754 2621 primo
790 2536 966 2620 principio
1005 2537 1103 2619 quod

115 2642 221 2704 homo
246 2643 355 2706 debet
378 2641 429 2704 sic
452 2640 581 2704 facere.
604 2640 651 2703 Et
672 2641 739 2703 hec
762 2639 857 2703 racio
881 2660 990 2724 quare
1012 2639 1102 2703 fides

117 2745 290 2828 scripture
325 2747 433 2809 docet
465 2764 565 2808 orare
599 2753 635 2808 et
665 2753 791 2827 petere
815 2742 1103 2808 condicionaliter

116 2849 239 2931 media,
272 2850 317 2913 de
349 2848 478 2933 quibus
512 2848 697 2932 ignoratur
728 2856 844 2912 utrum
883 2846 954 2911 sint
990 2848 1101 2932 magis

115 2953 219 3016 utilia.
265 2953 343 3017 Nec
374 2953 519 3017 dubium
552 2952 636 3036 quin
668 2952 751 3016 Deo
783 2956 880 3017 bono
913 2951 959 3015 sit
989 2953 1100 3015 bene·

71 3058 292 3140 25placitum,
317 3058 414 3141 quod
436 3059 542 3121 homo
565 3059 707 3121 laboret
727 3057 893 3120 continue
918 3056 1009 3120 circa
1032 3055 1100 3120 sibi

10 3178 87 3243 248·
114 3162 245 3240 utilius,
269 3163 352 3245 quia
375 3163 475 3227 aliter
495 3166 500 3245 Ι
520 3162 615 3226 foret
636 3163 787 3227 invidus.

156 3266 213 3329 Ex
235 3265 304 3330 isto
329 3267 450 3331 morali
471 3266 646 3351 principio
672 3266 840 3350 sequitur,
864 3264 977 3348 primo
1001 3264 1100 3348 quod
1128 3277 1199 3376 11τιῖἓ
1213 3279 1288 3375 eppe,

112 3391 205 3454 papa
242 3372 351 3434 debet
389 3371 662 3436 sollicitudinem
699 3370 821 3434 talium
855 3369 1098 3452 provisionum
1114 3342 1125 3373 ⁵
1144 3340 1304 3447 ⁰¹²frpi32⁸¹⁸m

114 3475 289 3540 dimittere
306 3487 343 3541 et
359 3477 525 3560 occupari
542 3477 634 3541 circa
649 3474 912 3539 edificacionem
933 3472 1096 3555 ecclesie,
1140 3447 1281 3491 promens.

68 3597 103 3646 30
114 3579 205 3644 sicut
227 3581 355 3645 Petrus
387 3581 502 3645 fuerat
534 3589 740 3663 occupatus.
778 3579 859 3642 Hoc
891 3577 981 3641 enim
1005 3577 1099 3642 foret

114 3685 265 3749 ecclesie
288 3695 326 3750 et
348 3685 415 3748 sibi
438 3685 565 3750 utilius.
605 3683 719 3747 Nichil
744 3681 834 3746 enim
858 3680 1007 3766 acquirit
1029 3680 1098 3746 sibi

112 3808 178 3871 per
208 3788 409 3852 huiusmodi
439 3787 665 3872 provisiones
697 3797 734 3851 et
757 3786 841 3850 alias
865 3786 1096 3850 dominativas

112 3892 390 3976 preeminencias
430 3891 675 3970 infundabiles,
718 3891 748 3954 si
789 3911 861 3954 non
903 3890 1096 3974 pecuniam,

110 3997 267 4062 favorem
292 4008 328 4060 et
351 3997 476 4061 famam
499 3997 619 4060 seculi
657 3996 745 4060 Nam
768 4004 959 4079 postquam
983 3995 1096 4058 distri·

164 4273 196 4318 15.
220 4272 296 4318 codd.
319 4275 342 4317 in
367 4285 452 4328 marga
482 4272 625 4316 Dr'etritucr'o
648 4270 811 4325 beneJirr'orum
834 4273 892 4328 quid
914 4271 1006 4328 confert
1026 4284 1094 4328 pape.

112 4343 146 4389 31.
162 4342 236 4387 Codd.
253 4344 275 4387 in
291 4355 379 4398 marga
395 4342 493 4398 Elr'gere
504 4343 603 4398 pociora
616 4341 685 4384 tomo
699 4342 747 4386 vult
757 4341 829 4386 Dm.
