3008 5026
712 407 882 460 tonsurus
902 408 1042 459 wreus
1260 384 1342 473 [can.
1357 401 1376 444 1.

388 567 436 630 Et
466 565 518 630 sic
549 565 759 646 intelligitur
792 567 837 629 de
874 572 1056 648 potestate
1094 581 1276 645 equorum,
1315 560 1377 643 qui

388 679 475 755 post
506 668 733 734 tubacionem
765 670 860 734 sexti
883 669 1001 752 angeli
1024 668 1197 743 exierunt,
1230 674 1267 728 et
1290 685 1375 729 con-

388 774 550 838 formiter
570 773 783 857 intelligitur
806 774 961 858 capitulo
978 772 1118 854 XIII,4
1141 775 1182 835 de
1200 776 1375 854 potestate,

388 899 494 962 quam
517 881 622 942 draco
646 881 739 943 dedit
760 881 869 943 bestie.
892 879 998 942 Unde
1022 886 1174 960 propter
1197 874 1377 940 desectum

389 982 546 1048 auctoris
584 1003 656 1047 non
698 984 811 1047 audeo
851 984 969 1047 dicere
1002 984 1100 1066 quod
1131 981 1232 1044 Deus
1268 979 1402 1044 habet5

389 1096 604 1172 potestatem
636 1087 862 1171 producendi
894 1087 1081 1170 quicquam
1114 1086 1158 1148 ad
1188 1084 1280 1148 intra
1311 1082 1378 1146 sed

389 1194 504 1257 solum
527 1193 572 1256 ad
596 1201 707 1274 extra,
730 1191 815 1256 licet
836 1193 966 1255 habeat
979 1191 1181 1275 potenciam
1200 1191 1245 1253 ad
1261 1187 1378 1252 omnia

388 1296 626 1381 producibilia
641 1297 695 1359 sui
710 1296 901 1360 intrinseca
916 1296 1195 1379 producendum,
1215 1313 1283 1357 nec
1298 1313 1377 1376 per-

389 1420 514 1464 sonam
537 1409 598 1464 aut
620 1409 736 1465 actum
758 1400 795 1464 in
816 1402 897 1465 Deo
921 1420 985 1464 sue
1009 1399 1156 1463 dicimus
1179 1397 1292 1463 subici
1314 1418 1377 1481 po·

389 1505 518 1570 testati.
542 1503 675 1569 Omnes
706 1513 824 1569 tamen
849 1515 948 1568 actus
971 1504 1084 1569 nostri
1108 1503 1212 1567 liberi
1234 1502 1378 1579 arbitrii,
1392 1531 1422 1564 ιο

389 1609 481 1672 sicut
512 1628 625 1692 opera
657 1610 859 1673 extrinseca
889 1629 956 1692 per
985 1610 1053 1673 hos
1076 1609 1181 1686 facta,
1214 1608 1379 1672 dicuntur

388 1722 511 1777 nostre
528 1714 643 1778 subici
657 1714 841 1797 potestati,
857 1723 897 1778 ut
910 1722 1012 1797 patet
1027 1714 1052 1780 Ι.
1062 1712 1379 1777 Retractacionum

389 1816 554 1899 XXXII,
583 1817 638 1881 III
661 1818 719 1881 De
741 1819 856 1882 libero
881 1818 1023 1883 arbitrio
1048 1818 1144 1881 etin
1171 1819 1227 1880 De
1252 1815 1378 1899 spiritu

391 1930 428 1986 et
450 1919 563 1984 anima
584 1921 727 1987 XXVI.
764 1922 870 1986 Unde
903 1941 972 1986 non
1005 1922 1179 2004 sequitur:
1210 1921 1240 1984 si
1271 1941 1378 1983 unum

391 2025 673 2089 convertibilium
696 2046 768 2089 non
791 2026 839 2090 sit
859 2026 896 2089 in
918 2034 1102 2109 potestate
1129 2033 1260 2105 nostra,
1292 2034 1378 2089 tunc
1393 2037 1421 2088 15

389 2148 458 2193 nec
480 2129 653 2212 reliquum
676 2131 736 2193 vel
760 2149 780 2192 e
804 2139 941 2211 contra;
973 2131 1190 2193 antecedens
1222 2148 1294 2191 non
1323 2137 1380 2192 est

388 2233 425 2296 in
452 2241 633 2316 potestate
665 2242 798 2316 nostra,
830 2234 938 2318 igitur
969 2254 1036 2297 nec
1070 2253 1296 2315 consequens
1319 2235 1379 2296 vel

391 2346 567 2401 econtra
610 2337 658 2400 Et
689 2335 741 2400 sic
775 2339 1055 2421 argumentando
1089 2337 1296 2401 affirmative
1331 2358 1379 2401 ex

392 2440 576 2524 opposito:
608 2443 644 2505 in
662 2448 837 2526 potestate,
865 2443 980 2525 inquit
1003 2442 1236 2526 Augustinus,
1259 2450 1379 2511 nostra

390 2567 457 2611 non
489 2553 547 2625 est,
578 2549 648 2611 nisi
675 2550 765 2630 quod
796 2553 953 2611 nostram
984 2549 1137 2628 sequitur
1163 2549 1378 2613 voluntatem.
1391 2572 1423 2606 πο

392 2651 562 2734 Sequitur
594 2651 700 2714 enim:
736 2653 837 2716 Deus
869 2651 1129 2735 predestinavit
1166 2672 1233 2723 me,
1271 2652 1381 2737 igitur

391 2756 507 2819 habeo
525 2754 692 2821 virtutem
707 2756 820 2819 finalis
843 2754 1117 2838 perseveraneie
1142 2764 1179 2819 et
1201 2778 1222 2819 e
1246 2766 1378 2821 contra.

392 2859 562 2943 Sequitur
585 2861 710 2924 eciam:
734 2863 854 2944 placet
876 2859 960 2923 mihi
983 2861 1029 2923 de
1051 2863 1120 2923 hoe
1138 2862 1236 2943 quod
1252 2861 1377 2946 digero

392 2965 603 3046 alimentum,
625 2965 735 3051 igitur
757 2965 808 3028 sic
832 2965 973 3048 diger03
1007 2967 1223 3029 antecedens
1257 2975 1312 3029 est
1342 2968 1378 3030 in

391 3077 573 3153 potestate
614 3090 693 3134 mea
735 3080 772 3134 et
814 3090 1040 3153 consequens
1080 3090 1164 3150 non,
1207 3071 1289 3154 quia
1331 3080 1420 3135 ex25

391 3173 435 3238 ΙΙ.
458 3173 663 3238 Ethicorum
691 3180 834 3257 propter
866 3177 928 3239 illa
958 3194 1021 3256 que
1051 3194 1119 3238 non
1146 3182 1225 3239 sunt
1252 3177 1288 3239 in
1316 3196 1378 3259 po·

390 3283 506 3342 testate
531 3284 650 3343 nostra
677 3299 744 3343 non
772 3297 895 3343 sumus
920 3280 1093 3344 laudandi
1116 3281 1296 3343 moraliter
1318 3299 1379 3344 nec

390 3385 564 3464 culpandi.

245 3477 308 3522 aven
434 3484 632 3569 Supposito
655 3486 775 3570 igitur,
799 3489 896 3570 quod
910 3487 972 3551 fiat
986 3486 1170 3551 restriccio
1186 3488 1377 3570 potestatis

183 3531 314 3588 restricting
328 3533 367 3575 the

181 3582 376 3690 {ffiffi’gosstg
390 3591 434 3653 ad
464 3590 678 3655 racionalem
709 3591 912 3675 potenciam
945 3592 1092 3655 liberam
1123 3591 1377 3656 accidentalem
1389 3600 1421 3651 30

191 3688 353 3795 name,
388 3696 531 3780 hmini,
554 3706 654 3780 Patet
677 3699 773 3780 quod
794 3697 798 3782 l
817 3699 908 3761 tales
923 3707 1124 3781 potestates
1144 3699 1279 3761 habent
1293 3699 1375 3761 sub·
1409 3700 1468 3751 16²¹

441 3949 479 3993 29·
493 3935 535 3981 AB
550 3936 573 3980 in
588 3948 677 3994 marga
692 3936 798 3981 Potestas
812 3936 933 3993 multiplex
946 3936 1030 3983 libera.

441 4077 464 4114 2.
483 4064 566 4128 Apoc.
586 4062 628 4124 lX,
645 4077 683 4127 ¹7·
759 4078 797 4113 12.
816 4064 928 4114 Retract.
947 4065 964 4114 l.
983 4079 1005 4114 c.
1027 4068 1122 4129 sponte
1145 4065 1224 4116 homo
1245 4066 1275 4115 in
1292 4066 1377 4117 libero

385 4151 505 4201 arbitrio
516 4150 612 4200 cadere
621 4151 717 4215 potuit.
737 4151 775 4201 De
785 4150 829 4201 lib.
843 4151 949 4201 arbitrio
962 4152 979 4201 l.
990 4167 1013 4202 c.
1030 4153 1069 4202 De
1081 4153 1173 4218 spiritu
1187 4162 1212 4202 et
1224 4153 1311 4202 anima
1324 4154 1341 4202 Ι,
1353 4169 1375 4205 c.

390 4253 428 4304 ¹9·
447 4239 514 4303 Aug.
535 4222 760 4288 'Retractationum
784 4238 829 4289 lib.
852 4238 882 4301 ll,
906 4253 962 4304 cap.
983 4240 1013 4307 11,
1038 4239 1079 4291 lll.
1151 4238 1191 4291 26.
1211 4241 1373 4308 Aristoteles,

385 4323 469 4378 Ethic
490 4324 589 4376 Nicom.
609 4324 638 4387 ll,
657 4322 718 4394 9(?)
789 4337 830 4390 31.
850 4326 939 4376 llussii
959 4327 1029 4391 Opp.
1050 4324 1120 4390 213⁸.
