3008 5026
182 421 252 466 cae.
267 409 332 490 vul
482 425 528 477 nu
547 423 759 477 ΡοτεετΑτε
778 423 875 476 rurs.
1332 429 1389 490 ¹4³

183 581 358 646 lacionum
382 582 618 664 corporalium
643 590 680 646 et
702 582 855 647 omnium
879 581 1103 647 amissionum
1125 580 1171 644 fa·
1186 598 1294 654 mering
1308 610 1336 643 us
1351 604 1392 643 not

183 707 312 751 vorum
328 687 565 766 mundialium,
581 695 620 750 ut
641 687 787 751 similius
798 708 987 772 sequamur
996 687 1173 752 Christum
1189 659 1213 695 ¹⁰
1227 650 1391 750 *garumnam

184 800 220 856 et
242 795 386 857 Petrum
415 803 452 856 et
479 793 664 856 induemus
691 793 873 858 formalius
902 813 1033 877 corpus
1061 813 1173 875 suum,

185 917 264 961 cum
287 898 482 961 secundum
506 896 701 962 doctrinam
723 899 837 982 prima
852 897 953 963 Petri
967 897 1011 974 V,
1029 918 1047 978 3
1068 898 1174 960 debe·

160 1023 261 1077 5mus
285 1022 366 1067 esse
388 1003 515 1082 forma
538 1006 632 1085 facti
659 1008 780 1087 gregis
810 1023 878 1068 nou
909 1009 1021 1067 coacte
1047 1004 1107 1068 sed
1138 1021 1177 1067 ex

184 1110 312 1172 auimo.
350 1108 540 1190 Quomodo
567 1108 678 1195 igitur
705 1130 777 1173 non
804 1109 947 1193 proficit
975 1109 1040 1171 sed
1065 1107 1177 1172 officit

184 1215 323 1278 adhoc
351 1216 509 1277 seculare
539 1214 742 1288 dominium;
775 1214 870 1277 unde
902 1216 1030 1278 beatus
1061 1213 1175 1277 Evan-

184 1319 315 1402 gelista
335 1319 551 1401 prenuncius
574 1319 797 1398 Antichristi,
822 1319 883 1402 qui
906 1327 1035 1382 statum
1059 1317 1176 1381 tocius

97 1440 156 1510 ¹9⁶⁶
185 1423 338 1487 ecclesie
354 1423 510 1506 previdit
529 1424 534 1509 l
554 1424 766 1508 prophetice
780 1424 898 1507 Apoc.
913 1423 999 1503 XII,
1017 1443 1101 1503 3-4
1125 1422 1176 1486 sic

144 1527 328 1596 metiatur:
356 1528 448 1610 Ecce,
472 1529 597 1612 inquit,
620 1531 727 1593 draco
751 1542 903 1611 maguus
924 1529 1029 1610 rufus
1051 1529 1178 1594 habeus

184 1635 301 1716 capite
337 1640 464 1716 septem
502 1641 532 1698 et
568 1653 699 1698 cornua
731 1636 846 1698 decem
878 1640 909 1699 et
939 1637 976 1698 iu
1008 1634 1177 1716 capitibus

184 1740 259 1801 eius
280 1743 407 1820 septem
436 1739 655 1817 dyademate,
691 1742 801 1804 eciam
825 1740 939 1804 cauda
965 1741 1038 1803 eius
1059 1739 1174 1803 tratre-

183 1844 240 1906 bat
262 1845 405 1907 terciam
424 1849 564 1926 partem
587 1848 768 1910 stellarum
792 1846 864 1915 ceti,
888 1849 918 1908 et
940 1845 1035 1908 misit
1058 1863 1117 1908 ees
1138 1845 1175 1908 iu

183 1953 326 2028 terram,
359 1956 389 2012 et
420 1952 526 2014 draeo
558 1952 645 2016 stetit
676 1957 754 2013 aute
789 1951 979 2031 mulierem,
1011 1967 1073 2031 que
1101 1956 1339 2076 ercetmwcui'yugge
1354 2018 1391 2062 ue

144 2070 173 2122 15
180 2054 356 2133 pariture,
402 2060 439 2116 ut
475 2073 554 2118 cum
588 2057 785 2138 peperisset,
826 2055 949 2136 fitium
987 2057 1393 2168 devoraret.&staplasduffic

184 2160 313 2224 Mulier
327 2159 395 2223 ista
411 2159 539 2223 amicta
554 2161 630 2224 sole
645 2162 781 2223 habens
797 2162 914 2223 lunam
936 2163 1002 2223 sub
1020 2160 1174 2242 pedibus
1186 2177 1295 2273 ciffi
1316 2187 1387 2270 Ἥβῃ

186 2275 242 2329 est
269 2274 381 2329 mater
419 2265 580 2345 ecclesia,
618 2284 751 2348 sponsa
773 2265 912 2338 Christi,
949 2266 1085 2328 habens
1123 2265 1174 2347 ip·
1198 2279 1375 2343 reetuymuu

185 2392 261 2434 sum
288 2370 348 2454 qui
380 2379 436 2435 est
459 2371 513 2433 sol
545 2370 684 2433 iusticia
708 2372 979 2454 amplexantem,
1018 2390 1097 2433 cum
1129 2370 1174 2432 de
1226 2333 1349 2441 ιῖἷηῐῐῗὲῗὲἷ

184 2495 319 2559 sponso
349 2474 482 2539 Cantic.
507 2473 552 2556 II,
580 2495 597 2554 5
630 2474 717 2538 dicit
748 2494 883 2558 sponsa
911 2474 1054 2539 Christi:
1087 2474 1177 2538 Leua

141 2609 175 2644 20
184 2582 257 2644 eius
279 2581 341 2643 sub
363 2581 473 2661 capite
495 2598 579 2661 meo,
604 2586 634 2642 et
655 2582 775 2642 dextra
798 2581 892 2643 illius
914 2578 1179 2661 amplexabatur

184 2705 248 2748 me.
272 2684 346 2747 Ista
360 2684 485 2747 mulier
500 2685 611 2747 habet
625 2685 742 2746 lunam
759 2686 825 2748 sub
844 2684 1008 2767 pedibus,
1035 2682 1176 2766 quando

184 2790 300 2852 omnia
330 2789 545 2872 temporalia,
585 2809 655 2872 que
688 2798 772 2852 sunt
802 2798 842 2852 ut
873 2790 956 2852 luna
987 2786 1176 2869 mutabilia,

186 2894 363 2978 appetitui
386 2895 540 2959 ecclesie
557 2897 834 2958 substernuntur
855 2895 956 2959 iuxta
976 2894 1063 2958 illud
1077 2894 1176 2976 Apo·

187 3000 268 3064 stoli
299 3000 454 3083 Philipp.
487 2999 549 3063 III.
587 2998 716 3064 Omnia
753 3002 995 3064 detrimentum
1033 3018 1103 3063 esse
1141 3005 1177 3060 et

143 3116 174 3167 25
187 3106 340 3167 arbitror
384 3110 420 3167 ut
457 3110 619 3185 stercora,
658 3111 694 3167 ut
735 3103 910 3172 Christum
944 3104 1177 3184 lucrifaciam.

185 3209 265 3272 Hec
289 3208 414 3271 mulier
435 3209 544 3272 habet
567 3207 765 3291 capitaliter
781 3208 970 3272 duodecim
992 3209 1177 3291 apostolos

187 3324 223 3377 et
259 3333 381 3376 eorum
412 3332 519 3376 veros
551 3312 717 3387 vicarios:
755 3315 823 3377 hec
851 3314 984 3395 mulier,
1021 3322 1060 3376 ut
1092 3312 1178 3375 dicit

185 3419 375 3499 johannes,
407 3419 607 3500 parturiens
644 3416 819 3481 cruciatur
854 3428 894 3482 ut
929 3418 1055 3501 pariat,
1097 3417 1179 3500 quia

186 3523 316 3587 Christi
348 3523 470 3585 vicarii
503 3523 678 3606 signando
712 3522 888 3589 Christum
925 3523 960 3585 in
996 3523 1177 3586 animabus

143 3641 176 3692 30
184 3628 349 3706 fidelium,
373 3628 549 3711 utrimque
571 3629 663 3693 sicut
683 3637 830 3711 oportet
844 3628 941 3692 varie
957 3629 1178 3709 tribulantur,

187 3753 265 3796 cum
282 3734 361 3797 Act
378 3732 479 3812 XIV,
496 3754 532 3796 21
561 3734 689 3798 dicitur
707 3754 774 3817 per
794 3736 924 3800 multas
938 3736 1180 3801 tribulacioues

185 3844 315 3921 oportet
341 3857 404 3901 uos
430 3840 563 3903 intrare
591 3841 627 3903 iu
655 3853 801 3922 regnum
825 3842 976 3903 cetorum
1005 3848 1041 3902 et
1066 3840 1179 3923 prima

186 3942 265 4007 Cor.
288 3942 350 4025 IV,
379 3964 413 4023 ¹5
442 3952 528 4027 post
555 3947 682 4008 multas
706 3945 960 4009 tribulaciones
987 3964 1178 4028 expressas

187 4049 272 4113 dicit
294 4049 497 4132 Apostolus
524 4053 561 4114 in
591 4049 724 4117 Christo
748 4050 831 4116 Jesu
855 4070 922 4134 per
953 4051 1178 4133 euangelium,

240 4254 260 4299 3.
277 4254 396 4299 induemur
410 4256 473 4311 (aic);
490 4256 562 4301 Cod.:
577 4258 695 4302 miremur.
748 4270 770 4310 4.
787 4257 859 4303 Cod:
874 4256 941 4302 Petri
952 4254 997 4300 We
1050 4268 1081 4302 ιο.
1098 4255 1139 4300 AB
1154 4256 1178 4300 in

187 4336 274 4378 marga
303 4324 389 4368 Mulier
416 4327 515 4370 ecclesia
541 4332 623 4370 sancte
651 4326 717 4370 cuiue
737 4326 816 4381 fitium
842 4339 918 4372 arere
949 4326 1024 4371 uoluit
1051 4327 1178 4370 devorare.

188 4405 224 4447 ²4·
240 4405 295 4437 ease.
310 4393 399 4438 Cede:
407 4392 466 4450 sect.
