<?xml version="1.0" encoding="UTF-8"?>
<!DOCTYPE html PUBLIC "-//W3C//DTD XHTML 1.0 Transitional//EN"
    "http://www.w3.org/TR/xhtml1/DTD/xhtml1-transitional.dtd">
<html xmlns="http://www.w3.org/1999/xhtml" xml:lang="en" lang="en">
 <head>
  <title>
</title>
<meta http-equiv="Content-Type" content="text/html;charset=utf-8" />
  <meta name='ocr-system' content='tesseract 3.04.00' />
  <meta name='ocr-capabilities' content='ocr_page ocr_carea ocr_par ocr_line ocrx_word'/>
</head>
<body>
  <div class='ocr_page' id='page_1' title='image "./johanniswyclift00mattgoog_0283.png"; bbox 0 0 3008 5026; ppageno 0'>
   <div class='ocr_carea' id='block_1_1' title="bbox 649 355 1313 444">
    <p class='ocr_par' dir='ltr' id='par_1_1' title="bbox 649 355 1313 444">
     <span class='ocr_line' id='line_1_1' title="bbox 649 355 1313 444; baseline -0.023 -16"><span class='ocrx_word' id='word_1_1' title='bbox 649 376 819 429; x_wconf 78' lang='lat' dir='ltr'>Jonnnuis</span> <span class='ocrx_word' id='word_1_2' title='bbox 838 374 980 426; x_wconf 66' lang='lat' dir='ltr'>wicus</span> <span class='ocrx_word' id='word_1_3' title='bbox 1176 355 1313 444; x_wconf 69' lang='lat' dir='ltr'>[enarr.</span> 
     </span>
    </p>
   </div>
   <div class='ocr_carea' id='block_1_2' title="bbox 105 531 1398 3747">
    <p class='ocr_par' dir='ltr' id='par_1_2' title="bbox 105 531 1398 3747">
     <span class='ocr_line' id='line_1_2' title="bbox 322 531 1312 615; baseline -0.002 -18"><span class='ocrx_word' id='word_1_4' title='bbox 322 536 536 599; x_wconf 77' lang='lat' dir='ltr'><em>conversacio</em></span> <span class='ocrx_word' id='word_1_5' title='bbox 569 535 604 596; x_wconf 86' lang='lat' dir='ltr'>in</span> <span class='ocrx_word' id='word_1_6' title='bbox 636 534 716 597; x_wconf 86' lang='lat' dir='ltr'>celis</span> <span class='ocrx_word' id='word_1_7' title='bbox 747 538 805 615; x_wconf 81' lang='lat' dir='ltr'>esi,</span> <span class='ocrx_word' id='word_1_8' title='bbox 846 540 957 615; x_wconf 87' lang='lat' dir='ltr'>patet,</span> <span class='ocrx_word' id='word_1_9' title='bbox 991 534 1089 614; x_wconf 95' lang='lat' dir='ltr'>quod</span> <span class='ocrx_word' id='word_1_10' title='bbox 1121 531 1171 595; x_wconf 88' lang='lat' dir='ltr'>sic</span> <span class='ocrx_word' id='word_1_11' title='bbox 1204 552 1312 595; x_wconf 91' lang='lat' dir='ltr'>orans</span> 
     </span>
     <span class='ocr_line' id='line_1_3' title="bbox 322 635 1311 722; baseline -0.002 -21"><span class='ocrx_word' id='word_1_12' title='bbox 322 657 423 702; x_wconf 93' lang='lat' dir='ltr'>mons</span> <span class='ocrx_word' id='word_1_13' title='bbox 447 638 538 702; x_wconf 88' lang='lat' dir='ltr'>altus</span> <span class='ocrx_word' id='word_1_14' title='bbox 563 637 716 702; x_wconf 89' lang='lat' dir='ltr'>efficitur</span> <span class='ocrx_word' id='word_1_15' title='bbox 743 658 809 722; x_wconf 90' lang='lat' dir='ltr'>per</span> <span class='ocrx_word' id='word_1_16' title='bbox 830 637 948 701; x_wconf 91' lang='lat' dir='ltr'>Deum</span> <span class='ocrx_word' id='word_1_17' title='bbox 971 636 1039 700; x_wconf 89' lang='lat' dir='ltr'>sibi</span> <span class='ocrx_word' id='word_1_18' title='bbox 1062 636 1140 720; x_wconf 92' lang='lat' dir='ltr'>ipsi,</span> <span class='ocrx_word' id='word_1_19' title='bbox 1165 643 1203 700; x_wconf 90' lang='lat' dir='ltr'>et</span> <span class='ocrx_word' id='word_1_20' title='bbox 1224 635 1311 699; x_wconf 88' lang='lat' dir='ltr'>ideo</span> 
     </span>
     <span class='ocr_line' id='line_1_4' title="bbox 320 739 1311 825; baseline -0.003 -20"><span class='ocrx_word' id='word_1_21' title='bbox 320 741 466 806; x_wconf 90' lang='lat' dir='ltr'>Veritas</span> <span class='ocrx_word' id='word_1_22' title='bbox 495 743 629 806; x_wconf 90' lang='lat' dir='ltr'>docens</span> <span class='ocrx_word' id='word_1_23' title='bbox 658 762 724 805; x_wconf 91' lang='lat' dir='ltr'>nos</span> <span class='ocrx_word' id='word_1_24' title='bbox 752 751 889 825; x_wconf 91' lang='lat' dir='ltr'>patrem</span> <span class='ocrx_word' id='word_1_25' title='bbox 917 760 1021 804; x_wconf 88' lang='lat' dir='ltr'>orare</span> <span class='ocrx_word' id='word_1_26' title='bbox 1045 740 1169 803; x_wconf 88' lang='lat' dir='ltr'>Matth.</span> <span class='ocrx_word' id='word_1_27' title='bbox 1190 739 1256 818; x_wconf 92' lang='lat' dir='ltr'>VI,</span> <span class='ocrx_word' id='word_1_28' title='bbox 1280 761 1311 819; x_wconf 87' lang='lat'>9,</span> 
     </span>
     <span class='ocr_line' id='line_1_5' title="bbox 322 844 1311 929; baseline -0.003 -20"><span class='ocrx_word' id='word_1_29' title='bbox 322 848 429 911; x_wconf 91' lang='lat' dir='ltr'>docet</span> <span class='ocrx_word' id='word_1_30' title='bbox 452 846 778 911; x_wconf 84' lang='lat' dir='ltr'>consideracionem</span> <span class='ocrx_word' id='word_1_31' title='bbox 802 855 958 909; x_wconf 88' lang='lat' dir='ltr'>nostram</span> <span class='ocrx_word' id='word_1_32' title='bbox 982 845 1138 929; x_wconf 83' lang='lat' dir='ltr'>incipere</span> <span class='ocrx_word' id='word_1_33' title='bbox 1160 846 1206 907; x_wconf 92' lang='lat' dir='ltr'>ab</span> <span class='ocrx_word' id='word_1_34' title='bbox 1229 844 1311 907; x_wconf 88' lang='lat' dir='ltr'>alti·</span> 
     </span>
     <span class='ocr_line' id='line_1_6' title="bbox 323 949 1398 1036; baseline -0.01 -23"><span class='ocrx_word' id='word_1_35' title='bbox 323 951 446 1013; x_wconf 90' lang='lat' dir='ltr'>tudine</span> <span class='ocrx_word' id='word_1_36' title='bbox 466 949 471 1036; x_wconf 74' lang='lat' dir='ltr'>l</span> <span class='ocrx_word' id='word_1_37' title='bbox 492 951 643 1014; x_wconf 87' lang='lat' dir='ltr'>adorati:</span> <span class='ocrx_word' id='word_1_38' title='bbox 667 951 773 1014; x_wconf 82' lang='lat' dir='ltr'>Pater</span> <span class='ocrx_word' id='word_1_39' title='bbox 796 957 918 1025; x_wconf 80' lang='lat' dir='ltr'>noster,</span> <span class='ocrx_word' id='word_1_40' title='bbox 950 951 1009 1030; x_wconf 82' lang='lat' dir='ltr'>qui</span> <span class='ocrx_word' id='word_1_41' title='bbox 1031 969 1066 1013; x_wconf 84' lang='lat' dir='ltr'>es</span> <span class='ocrx_word' id='word_1_42' title='bbox 1089 950 1221 1018; x_wconf 84' lang='lat' dir='ltr'>incelis</span> <span class='ocrx_word' id='word_1_43' title='bbox 1241 956 1309 1013; x_wconf 88' lang='lat' dir='ltr'>etc.</span> <span class='ocrx_word' id='word_1_44' title='bbox 1342 953 1398 1004; x_wconf 68' lang='lat' dir='ltr'>rio·</span> 
     </span>
     <span class='ocr_line' id='line_1_7' title="bbox 105 1051 1310 1159; baseline -0.003 -39"><span class='ocrx_word' id='word_1_45' title='bbox 105 1051 313 1159; x_wconf 43' lang='grc' dir='ltr'>Τίξξῆξᾞξξξξὲ*</span> <span class='ocrx_word' id='word_1_46' title='bbox 366 1054 438 1120; x_wconf 85' lang='lat' dir='ltr'>Sed</span> <span class='ocrx_word' id='word_1_47' title='bbox 455 1062 622 1137; x_wconf 88' lang='lat' dir='ltr'>quantum</span> <span class='ocrx_word' id='word_1_48' title='bbox 638 1057 682 1118; x_wconf 90' lang='lat' dir='ltr'>ad</span> <span class='ocrx_word' id='word_1_49' title='bbox 699 1055 868 1137; x_wconf 92' lang='lat' dir='ltr'>templum</span> <span class='ocrx_word' id='word_1_50' title='bbox 879 1053 1087 1117; x_wconf 88' lang='lat' dir='ltr'>Yudeorum</span> <span class='ocrx_word' id='word_1_51' title='bbox 1103 1053 1310 1132; x_wconf 83' lang='lat' dir='ltr'><strong>Jerusalem,</strong></span> 
     </span>
     <span class='ocr_line' id='line_1_8' title="bbox 179 1157 1310 1244; baseline -0.004 -20"><span class='ocrx_word' id='word_1_52' title='bbox 179 1157 242 1201; x_wconf 79' lang='lat'><strong>&#39;⁰¹¹¹-</strong></span> <span class='ocrx_word' id='word_1_53' title='bbox 323 1168 471 1244; x_wconf 89' lang='lat' dir='ltr'>oportet</span> <span class='ocrx_word' id='word_1_54' title='bbox 501 1160 647 1222; x_wconf 86' lang='lat' dir='ltr'>adorare</span> <span class='ocrx_word' id='word_1_55' title='bbox 680 1159 715 1222; x_wconf 91' lang='lat' dir='ltr'>in</span> <span class='ocrx_word' id='word_1_56' title='bbox 740 1159 901 1236; x_wconf 88' lang='lat' dir='ltr'>veritate,</span> <span class='ocrx_word' id='word_1_57' title='bbox 933 1159 983 1222; x_wconf 90' lang='lat' dir='ltr'>sic</span> <span class='ocrx_word' id='word_1_58' title='bbox 1016 1160 1114 1240; x_wconf 92' lang='lat' dir='ltr'>quod</span> <span class='ocrx_word' id='word_1_59' title='bbox 1136 1157 1209 1222; x_wconf 88' lang='lat' dir='ltr'>vita</span> <span class='ocrx_word' id='word_1_60' title='bbox 1236 1178 1310 1222; x_wconf 89' lang='lat' dir='ltr'>non</span> 
     </span>
     <span class='ocr_line' id='line_1_9' title="bbox 324 1262 1309 1347; baseline -0.001 -20"><span class='ocrx_word' id='word_1_61' title='bbox 324 1264 504 1327; x_wconf 87' lang='lat' dir='ltr'><strong>discordet</strong></span> <span class='ocrx_word' id='word_1_62' title='bbox 532 1264 748 1328; x_wconf 84' lang='lat' dir='ltr'>mendaciter</span> <span class='ocrx_word' id='word_1_63' title='bbox 776 1284 795 1326; x_wconf 92' lang='lat' dir='ltr'>a</span> <span class='ocrx_word' id='word_1_64' title='bbox 821 1263 1002 1347; x_wconf 87' lang='lat' dir='ltr'>peticione</span> <span class='ocrx_word' id='word_1_65' title='bbox 1026 1272 1063 1326; x_wconf 92' lang='lat' dir='ltr'>et</span> <span class='ocrx_word' id='word_1_66' title='bbox 1086 1262 1200 1326; x_wconf 89' lang='lat' dir='ltr'>animo</span> <span class='ocrx_word' id='word_1_67' title='bbox 1225 1263 1309 1326; x_wconf 92' lang='lat' dir='ltr'>ado·</span> 
     </span>
     <span class='ocr_line' id='line_1_10' title="bbox 323 1367 1310 1451; baseline -0.002 -20"><span class='ocrx_word' id='word_1_68' title='bbox 323 1368 444 1445; x_wconf 91' lang='lat' dir='ltr'>rantis,</span> <span class='ocrx_word' id='word_1_69' title='bbox 468 1378 504 1431; x_wconf 93' lang='lat' dir='ltr'>et</span> <span class='ocrx_word' id='word_1_70' title='bbox 527 1377 612 1431; x_wconf 99' lang='grc' dir='ltr'>ωηο</span> <span class='ocrx_word' id='word_1_71' title='bbox 635 1369 675 1431; x_wconf 89' lang='lat' dir='ltr'>fit</span> <span class='ocrx_word' id='word_1_72' title='bbox 698 1369 867 1451; x_wconf 90' lang='lat' dir='ltr'>templum</span> <span class='ocrx_word' id='word_1_73' title='bbox 884 1367 1054 1430; x_wconf 89' lang='lat' dir='ltr'>infinitum</span> <span class='ocrx_word' id='word_1_74' title='bbox 1072 1367 1215 1430; x_wconf 93' lang='lat' dir='ltr'>domino</span> <span class='ocrx_word' id='word_1_75' title='bbox 1231 1387 1310 1449; x_wconf 91' lang='lat' dir='ltr'>pre·</span> 
     </span>
     <span class='ocr_line' id='line_1_11' title="bbox 324 1470 1354 1554; baseline -0.001 -19"><span class='ocrx_word' id='word_1_76' title='bbox 324 1473 478 1536; x_wconf 88' lang='lat' dir='ltr'>stancius</span> <span class='ocrx_word' id='word_1_77' title='bbox 511 1493 614 1554; x_wconf 89' lang='lat' dir='ltr'>quam</span> <span class='ocrx_word' id='word_1_78' title='bbox 646 1472 793 1536; x_wconf 91' lang='lat' dir='ltr'>basilica</span> <span class='ocrx_word' id='word_1_79' title='bbox 823 1471 1040 1549; x_wconf 89' lang='lat' dir='ltr'>Yudeorum,</span> <span class='ocrx_word' id='word_1_80' title='bbox 1071 1472 1153 1554; x_wconf 89' lang='lat' dir='ltr'>quia</span> <span class='ocrx_word' id='word_1_81' title='bbox 1175 1470 1202 1534; x_wconf 91' lang='lat' dir='ltr'>I.</span> <span class='ocrx_word' id='word_1_82' title='bbox 1228 1471 1309 1535; x_wconf 88' lang='lat' dir='ltr'>Cor.</span> <span class='ocrx_word' id='word_1_83' title='bbox 1326 1492 1354 1527; x_wconf 80' lang='grc' dir='ltr'>ιο</span> 
     </span>
     <span class='ocr_line' id='line_1_12' title="bbox 323 1575 1312 1659; baseline 0.002 -20"><span class='ocrx_word' id='word_1_84' title='bbox 323 1575 387 1653; x_wconf 89' lang='lat' dir='ltr'>III,</span> <span class='ocrx_word' id='word_1_85' title='bbox 409 1583 444 1639; x_wconf 87' lang='lat'>16</span> <span class='ocrx_word' id='word_1_86' title='bbox 470 1577 553 1640; x_wconf 89' lang='lat' dir='ltr'>dicit</span> <span class='ocrx_word' id='word_1_87' title='bbox 570 1578 780 1659; x_wconf 85' lang='lat' dir='ltr'>Apostolus:</span> <span class='ocrx_word' id='word_1_88' title='bbox 803 1579 966 1658; x_wconf 78' lang='lat' dir='ltr'>templum</span> <span class='ocrx_word' id='word_1_89' title='bbox 983 1576 1126 1640; x_wconf 85' lang='lat' dir='ltr'>Domini</span> <span class='ocrx_word' id='word_1_90' title='bbox 1141 1582 1199 1656; x_wconf 81' lang='lat' dir='ltr'>est,</span> <span class='ocrx_word' id='word_1_91' title='bbox 1222 1580 1312 1657; x_wconf 83' lang='lat' dir='ltr'>quod</span> 
     </span>
     <span class='ocr_line' id='line_1_13' title="bbox 323 1679 1311 1762; baseline -0.002 -18"><span class='ocrx_word' id='word_1_92' title='bbox 323 1684 402 1744; x_wconf 81' lang='lat' dir='ltr'>estis</span> <span class='ocrx_word' id='word_1_93' title='bbox 417 1701 483 1745; x_wconf 76' lang='lat' dir='ltr'>voc.</span> <span class='ocrx_word' id='word_1_94' title='bbox 500 1679 650 1762; x_wconf 83' lang='lat' dir='ltr'>Quando</span> <span class='ocrx_word' id='word_1_95' title='bbox 663 1681 755 1743; x_wconf 91' lang='lat' dir='ltr'>enim</span> <span class='ocrx_word' id='word_1_96' title='bbox 773 1691 828 1743; x_wconf 90' lang='lat' dir='ltr'>est</span> <span class='ocrx_word' id='word_1_97' title='bbox 838 1681 970 1744; x_wconf 85' lang='lat' dir='ltr'>veritas</span> <span class='ocrx_word' id='word_1_98' title='bbox 985 1681 1020 1743; x_wconf 93' lang='lat' dir='ltr'>in</span> <span class='ocrx_word' id='word_1_99' title='bbox 1032 1680 1311 1743; x_wconf 89' lang='lat' dir='ltr'>conversacione</span> 
     </span>
     <span class='ocr_line' id='line_1_14' title="bbox 324 1783 1310 1867; baseline -0.002 -19"><span class='ocrx_word' id='word_1_100' title='bbox 324 1795 361 1849; x_wconf 88' lang='lat' dir='ltr'>et</span> <span class='ocrx_word' id='word_1_101' title='bbox 383 1786 515 1848; x_wconf 90' lang='lat' dir='ltr'>veritas</span> <span class='ocrx_word' id='word_1_102' title='bbox 543 1785 577 1847; x_wconf 92' lang='lat' dir='ltr'>in</span> <span class='ocrx_word' id='word_1_103' title='bbox 605 1785 797 1867; x_wconf 86' lang='lat' dir='ltr'>peticione,</span> <span class='ocrx_word' id='word_1_104' title='bbox 830 1805 900 1867; x_wconf 89' lang='lat' dir='ltr'>que</span> <span class='ocrx_word' id='word_1_105' title='bbox 928 1785 1070 1867; x_wconf 91' lang='lat' dir='ltr'>quidem</span> <span class='ocrx_word' id='word_1_106' title='bbox 1095 1783 1226 1848; x_wconf 85' lang='lat' dir='ltr'>veritas</span> <span class='ocrx_word' id='word_1_107' title='bbox 1255 1796 1310 1848; x_wconf 91' lang='lat' dir='ltr'>est</span> 
     </span>
     <span class='ocr_line' id='line_1_15' title="bbox 322 1889 1312 1972; baseline -0.001 -19"><span class='ocrx_word' id='word_1_108' title='bbox 322 1890 520 1972; x_wconf 86' lang='lat' dir='ltr'>adequacio</span> <span class='ocrx_word' id='word_1_109' title='bbox 538 1891 582 1952; x_wconf 90' lang='lat' dir='ltr'>ad</span> <span class='ocrx_word' id='word_1_110' title='bbox 604 1890 822 1952; x_wconf 90' lang='lat' dir='ltr'>intellectum</span> <span class='ocrx_word' id='word_1_111' title='bbox 847 1889 1013 1965; x_wconf 90' lang='lat' dir='ltr'>divinum,</span> <span class='ocrx_word' id='word_1_112' title='bbox 1038 1898 1120 1952; x_wconf 87' lang='lat' dir='ltr'>tunc</span> <span class='ocrx_word' id='word_1_113' title='bbox 1141 1909 1189 1951; x_wconf 85' lang='lat' dir='ltr'>ex</span> <span class='ocrx_word' id='word_1_114' title='bbox 1205 1889 1312 1971; x_wconf 92' lang='lat' dir='ltr'>plena</span> 
     </span>
     <span class='ocr_line' id='line_1_16' title="bbox 324 1993 1354 2068; baseline -0.001 -12"><span class='ocrx_word' id='word_1_115' title='bbox 324 1993 572 2057; x_wconf 84' lang='lat' dir='ltr'>conformitate</span> <span class='ocrx_word' id='word_1_116' title='bbox 601 1994 775 2056; x_wconf 86' lang='lat' dir='ltr'>voluntati</span> <span class='ocrx_word' id='word_1_117' title='bbox 809 1993 938 2068; x_wconf 80' lang='lat' dir='ltr'>divine,</span> <span class='ocrx_word' id='word_1_118' title='bbox 972 2013 1076 2056; x_wconf 90' lang='lat' dir='ltr'>orans</span> <span class='ocrx_word' id='word_1_119' title='bbox 1109 1993 1160 2056; x_wconf 89' lang='lat' dir='ltr'>sic</span> <span class='ocrx_word' id='word_1_120' title='bbox 1192 1999 1354 2058; x_wconf 68' lang='lat' dir='ltr'>mentez.i</span> 
     </span>
     <span class='ocr_line' id='line_1_17' title="bbox 325 2097 1313 2181; baseline 0 -20"><span class='ocrx_word' id='word_1_121' title='bbox 325 2109 362 2162; x_wconf 91' lang='lat' dir='ltr'>et</span> <span class='ocrx_word' id='word_1_122' title='bbox 378 2099 504 2181; x_wconf 91' lang='lat' dir='ltr'>spiritu</span> <span class='ocrx_word' id='word_1_123' title='bbox 520 2099 747 2162; x_wconf 89' lang='lat' dir='ltr'>constituitur</span> <span class='ocrx_word' id='word_1_124' title='bbox 762 2099 932 2180; x_wconf 91' lang='lat' dir='ltr'>templum</span> <span class='ocrx_word' id='word_1_125' title='bbox 949 2098 1029 2175; x_wconf 90' lang='lat' dir='ltr'>Dei,</span> <span class='ocrx_word' id='word_1_126' title='bbox 1053 2107 1090 2161; x_wconf 92' lang='lat' dir='ltr'>et</span> <span class='ocrx_word' id='word_1_127' title='bbox 1111 2106 1194 2161; x_wconf 89' lang='lat' dir='ltr'>tunc</span> <span class='ocrx_word' id='word_1_128' title='bbox 1219 2097 1313 2161; x_wconf 91' lang='lat' dir='ltr'>sicut</span> 
     </span>
     <span class='ocr_line' id='line_1_18' title="bbox 325 2201 1312 2286; baseline 0 -22"><span class='ocrx_word' id='word_1_129' title='bbox 325 2202 409 2265; x_wconf 91' lang='lat' dir='ltr'>dicit</span> <span class='ocrx_word' id='word_1_130' title='bbox 426 2203 530 2280; x_wconf 79' lang='lat' dir='ltr'>digne</span> <span class='ocrx_word' id='word_1_131' title='bbox 547 2204 692 2286; x_wconf 90' lang='lat' dir='ltr'>primam</span> <span class='ocrx_word' id='word_1_132' title='bbox 710 2202 925 2285; x_wconf 88' lang='lat' dir='ltr'>peticionem</span> <span class='ocrx_word' id='word_1_133' title='bbox 943 2202 1118 2265; x_wconf 87' lang='lat' dir='ltr'>oracionis</span> <span class='ocrx_word' id='word_1_134' title='bbox 1135 2201 1312 2264; x_wconf 89' lang='lat' dir='ltr'>dominice</span> 
     </span>
     <span class='ocr_line' id='line_1_19' title="bbox 324 2306 1312 2390; baseline -0.001 -21"><span class='ocrx_word' id='word_1_135' title='bbox 324 2308 405 2370; x_wconf 90' lang='lat' dir='ltr'>Deo</span> <span class='ocrx_word' id='word_1_136' title='bbox 439 2308 530 2389; x_wconf 91' lang='lat' dir='ltr'>patri</span> <span class='ocrx_word' id='word_1_137' title='bbox 562 2317 712 2390; x_wconf 91' lang='lat' dir='ltr'>propter</span> <span class='ocrx_word' id='word_1_138' title='bbox 740 2308 941 2370; x_wconf 89' lang='lat' dir='ltr'>intellectus</span> <span class='ocrx_word' id='word_1_139' title='bbox 966 2306 1226 2383; x_wconf 81' lang='lat' dir='ltr'>sublimitatem,</span> <span class='ocrx_word' id='word_1_140' title='bbox 1259 2306 1312 2368; x_wconf 86' lang='lat' dir='ltr'>sic</span> 
     </span>
     <span class='ocr_line' id='line_1_20' title="bbox 324 2411 1312 2495; baseline 0 -22"><span class='ocrx_word' id='word_1_141' title='bbox 324 2420 446 2493; x_wconf 90' lang='lat' dir='ltr'>potest</span> <span class='ocrx_word' id='word_1_142' title='bbox 480 2411 588 2495; x_wconf 83' lang='lat' dir='ltr'>digne</span> <span class='ocrx_word' id='word_1_143' title='bbox 622 2413 740 2474; x_wconf 88' lang='lat' dir='ltr'>dicere</span> <span class='ocrx_word' id='word_1_144' title='bbox 775 2414 860 2474; x_wconf 88' lang='lat' dir='ltr'>duas</span> <span class='ocrx_word' id='word_1_145' title='bbox 888 2411 1089 2493; x_wconf 89' lang='lat' dir='ltr'>peticiones</span> <span class='ocrx_word' id='word_1_146' title='bbox 1117 2420 1312 2494; x_wconf 91' lang='lat' dir='ltr'>sequentes</span> 
     </span>
     <span class='ocr_line' id='line_1_21' title="bbox 325 2513 1357 2598; baseline -0.001 -20"><span class='ocrx_word' id='word_1_147' title='bbox 325 2517 369 2578; x_wconf 90' lang='lat' dir='ltr'>ad</span> <span class='ocrx_word' id='word_1_148' title='bbox 385 2516 559 2579; x_wconf 88' lang='lat' dir='ltr'>secundas</span> <span class='ocrx_word' id='word_1_149' title='bbox 576 2536 748 2598; x_wconf 84' lang='lat' dir='ltr'>personas</span> <span class='ocrx_word' id='word_1_150' title='bbox 765 2517 859 2593; x_wconf 89' lang='lat' dir='ltr'>alias,</span> <span class='ocrx_word' id='word_1_151' title='bbox 883 2536 961 2579; x_wconf 92' lang='lat' dir='ltr'>cum</span> <span class='ocrx_word' id='word_1_152' title='bbox 982 2516 1099 2579; x_wconf 90' lang='lat' dir='ltr'>taliter</span> <span class='ocrx_word' id='word_1_153' title='bbox 1114 2513 1312 2578; x_wconf 88' lang='lat' dir='ltr'>difformem</span> <span class='ocrx_word' id='word_1_154' title='bbox 1325 2535 1357 2568; x_wconf 84' lang='lat'>20</span> 
     </span>
     <span class='ocr_line' id='line_1_22' title="bbox 326 2620 1312 2705; baseline -0.002 -22"><span class='ocrx_word' id='word_1_155' title='bbox 326 2630 472 2702; x_wconf 90' lang='lat' dir='ltr'>oportet</span> <span class='ocrx_word' id='word_1_156' title='bbox 494 2621 584 2684; x_wconf 89' lang='lat' dir='ltr'>trahi</span> <span class='ocrx_word' id='word_1_157' title='bbox 609 2621 653 2683; x_wconf 87' lang='lat' dir='ltr'>ad</span> <span class='ocrx_word' id='word_1_158' title='bbox 667 2640 828 2705; x_wconf 88' lang='lat' dir='ltr'>regnum,</span> <span class='ocrx_word' id='word_1_159' title='bbox 852 2620 913 2683; x_wconf 91' lang='lat' dir='ltr'>ubi</span> <span class='ocrx_word' id='word_1_160' title='bbox 933 2621 999 2684; x_wconf 91' lang='lat' dir='ltr'>erit</span> <span class='ocrx_word' id='word_1_161' title='bbox 1015 2620 1175 2704; x_wconf 83' lang='lat' dir='ltr'>perfecte</span> <span class='ocrx_word' id='word_1_162' title='bbox 1192 2621 1312 2684; x_wconf 90' lang='lat' dir='ltr'>volun·</span> 
     </span>
     <span class='ocr_line' id='line_1_23' title="bbox 324 2724 1313 2795; baseline -0.003 -7"><span class='ocrx_word' id='word_1_163' title='bbox 324 2724 406 2788; x_wconf 89' lang='lat' dir='ltr'>tatis</span> <span class='ocrx_word' id='word_1_164' title='bbox 429 2724 585 2788; x_wconf 90' lang='lat' dir='ltr'>increate</span> <span class='ocrx_word' id='word_1_165' title='bbox 602 2734 639 2787; x_wconf 89' lang='lat' dir='ltr'>et</span> <span class='ocrx_word' id='word_1_166' title='bbox 655 2735 772 2788; x_wconf 90' lang='lat' dir='ltr'>create</span> <span class='ocrx_word' id='word_1_167' title='bbox 791 2725 1029 2789; x_wconf 85' lang='lat' dir='ltr'>conformitas.</span> <span class='ocrx_word' id='word_1_168' title='bbox 1053 2725 1140 2788; x_wconf 89' lang='lat' dir='ltr'>Ideo</span> <span class='ocrx_word' id='word_1_169' title='bbox 1161 2744 1313 2795; x_wconf 84' lang='lat' dir='ltr'>oramus,</span> 
     </span>
     <span class='ocr_line' id='line_1_24' title="bbox 327 2829 1311 2912; baseline 0 -22"><span class='ocrx_word' id='word_1_170' title='bbox 327 2829 423 2911; x_wconf 91' lang='lat' dir='ltr'>quod</span> <span class='ocrx_word' id='word_1_171' title='bbox 454 2831 541 2892; x_wconf 81' lang='lat' dir='ltr'>sicut</span> <span class='ocrx_word' id='word_1_172' title='bbox 572 2832 607 2892; x_wconf 83' lang='lat' dir='ltr'>iu</span> <span class='ocrx_word' id='word_1_173' title='bbox 640 2832 707 2893; x_wconf 82' lang='lat' dir='ltr'>celo</span> <span class='ocrx_word' id='word_1_174' title='bbox 741 2839 795 2893; x_wconf 90' lang='lat' dir='ltr'>est</span> <span class='ocrx_word' id='word_1_175' title='bbox 822 2831 929 2912; x_wconf 89' lang='lat' dir='ltr'>plena</span> <span class='ocrx_word' id='word_1_176' title='bbox 953 2829 1180 2893; x_wconf 82' lang='lat' dir='ltr'>conformitas</span> <span class='ocrx_word' id='word_1_177' title='bbox 1204 2832 1254 2892; x_wconf 83' lang='lat' dir='ltr'>sic</span> <span class='ocrx_word' id='word_1_178' title='bbox 1275 2831 1311 2891; x_wconf 85' lang='lat' dir='ltr'>in</span> 
     </span>
     <span class='ocr_line' id='line_1_25' title="bbox 325 2933 1312 3016; baseline 0.002 -20"><span class='ocrx_word' id='word_1_179' title='bbox 325 2939 419 2996; x_wconf 76' lang='lat' dir='ltr'>terro</span> <span class='ocrx_word' id='word_1_180' title='bbox 438 2933 483 2996; x_wconf 89' lang='lat' dir='ltr'>sit</span> <span class='ocrx_word' id='word_1_181' title='bbox 499 2934 817 3016; x_wconf 89' lang='lat' dir='ltr'>proporcionaliter</span> <span class='ocrx_word' id='word_1_182' title='bbox 839 2934 1064 2998; x_wconf 86' lang='lat' dir='ltr'>conformitas</span> <span class='ocrx_word' id='word_1_183' title='bbox 1081 2935 1312 2998; x_wconf 91' lang='lat' dir='ltr'>voluntatum.</span> 
     </span>
     <span class='ocr_line' id='line_1_26' title="bbox 325 3036 1356 3121; baseline 0 -22"><span class='ocrx_word' id='word_1_184' title='bbox 325 3036 372 3099; x_wconf 88' lang='lat' dir='ltr'>Et</span> <span class='ocrx_word' id='word_1_185' title='bbox 394 3045 495 3119; x_wconf 87' lang='lat' dir='ltr'>patet</span> <span class='ocrx_word' id='word_1_186' title='bbox 518 3057 564 3099; x_wconf 86' lang='lat' dir='ltr'>ex</span> <span class='ocrx_word' id='word_1_187' title='bbox 582 3038 651 3101; x_wconf 82' lang='lat' dir='ltr'>ista</span> <span class='ocrx_word' id='word_1_188' title='bbox 668 3038 799 3121; x_wconf 91' lang='lat' dir='ltr'>duplici</span> <span class='ocrx_word' id='word_1_189' title='bbox 814 3038 956 3101; x_wconf 89' lang='lat' dir='ltr'>racione</span> <span class='ocrx_word' id='word_1_190' title='bbox 974 3038 1106 3116; x_wconf 87' lang='lat' dir='ltr'>orandi,</span> <span class='ocrx_word' id='word_1_191' title='bbox 1131 3038 1311 3120; x_wconf 88' lang='lat' dir='ltr'>quomodo</span> <span class='ocrx_word' id='word_1_192' title='bbox 1324 3042 1356 3092; x_wconf 78' lang='lat'>²5</span> 
     </span>
     <span class='ocr_line' id='line_1_27' title="bbox 326 3141 1313 3206; baseline 0.002 -4"><span class='ocrx_word' id='word_1_193' title='bbox 326 3141 553 3204; x_wconf 88' lang='lat' dir='ltr'>verificantur</span> <span class='ocrx_word' id='word_1_194' title='bbox 591 3143 732 3206; x_wconf 88' lang='lat' dir='ltr'>decreta</span> <span class='ocrx_word' id='word_1_195' title='bbox 765 3142 998 3206; x_wconf 88' lang='lat' dir='ltr'>distinccione</span> <span class='ocrx_word' id='word_1_196' title='bbox 1030 3143 1112 3206; x_wconf 87' lang='lat' dir='ltr'>XL:</span> <span class='ocrx_word' id='word_1_197' title='bbox 1151 3141 1226 3206; x_wconf 87' lang='lat' dir='ltr'>Non</span> <span class='ocrx_word' id='word_1_198' title='bbox 1264 3148 1313 3206; x_wconf 84' lang='lat' dir='ltr'>est</span> 
     </span>
     <span class='ocr_line' id='line_1_28' title="bbox 327 3243 1311 3329; baseline -0.001 -21"><span class='ocrx_word' id='word_1_199' title='bbox 327 3243 436 3325; x_wconf 82' lang='lat' dir='ltr'>focile</span> <span class='ocrx_word' id='word_1_200' title='bbox 460 3265 538 3309; x_wconf 92' lang='lat' dir='ltr'>cum</span> <span class='ocrx_word' id='word_1_201' title='bbox 564 3247 702 3308; x_wconf 90' lang='lat' dir='ltr'>duobus</span> <span class='ocrx_word' id='word_1_202' title='bbox 727 3246 889 3328; x_wconf 89' lang='lat' dir='ltr'>capitulis</span> <span class='ocrx_word' id='word_1_203' title='bbox 914 3246 1145 3329; x_wconf 91' lang='lat' dir='ltr'>sequentibus</span> <span class='ocrx_word' id='word_1_204' title='bbox 1166 3255 1203 3309; x_wconf 93' lang='lat' dir='ltr'>et</span> <span class='ocrx_word' id='word_1_205' title='bbox 1218 3244 1311 3328; x_wconf 90' lang='lat' dir='ltr'>capi-</span> 
     </span>
     <span class='ocr_line' id='line_1_29' title="bbox 326 3349 1313 3414; baseline 0.001 -2"><span class='ocrx_word' id='word_1_206' title='bbox 326 3351 416 3412; x_wconf 90' lang='lat' dir='ltr'>tulo:</span> <span class='ocrx_word' id='word_1_207' title='bbox 441 3349 544 3413; x_wconf 84' lang='lat' dir='ltr'>Mulli</span> <span class='ocrx_word' id='word_1_208' title='bbox 565 3356 644 3413; x_wconf 81' lang='lat' dir='ltr'>sunt</span> <span class='ocrx_word' id='word_1_209' title='bbox 667 3353 858 3414; x_wconf 80' lang='lat' dir='ltr'>sacerdotes</span> <span class='ocrx_word' id='word_1_210' title='bbox 881 3371 959 3413; x_wconf 88' lang='lat' dir='ltr'>cum</span> <span class='ocrx_word' id='word_1_211' title='bbox 984 3350 1035 3413; x_wconf 89' lang='lat' dir='ltr'>eis</span> <span class='ocrx_word' id='word_1_212' title='bbox 1060 3350 1241 3414; x_wconf 88' lang='lat' dir='ltr'>similibus.</span> <span class='ocrx_word' id='word_1_213' title='bbox 1270 3351 1313 3413; x_wconf 91' lang='lat' dir='ltr'>In</span> 
     </span>
     <span class='ocr_line' id='line_1_30' title="bbox 327 3453 1312 3537; baseline 0.001 -22"><span class='ocrx_word' id='word_1_214' title='bbox 327 3453 456 3536; x_wconf 91' lang='lat' dir='ltr'>quibus</span> <span class='ocrx_word' id='word_1_215' title='bbox 492 3456 597 3535; x_wconf 91' lang='lat' dir='ltr'>plane</span> <span class='ocrx_word' id='word_1_216' title='bbox 638 3454 786 3517; x_wconf 90' lang='lat' dir='ltr'>docetur</span> <span class='ocrx_word' id='word_1_217' title='bbox 824 3455 921 3537; x_wconf 93' lang='lat' dir='ltr'>quod</span> <span class='ocrx_word' id='word_1_218' title='bbox 958 3457 1058 3519; x_wconf 87' lang='lat' dir='ltr'>locus</span> <span class='ocrx_word' id='word_1_219' title='bbox 1098 3455 1312 3537; x_wconf 92' lang='lat' dir='ltr'>quicumque</span> 
     </span>
     <span class='ocr_line' id='line_1_31' title="bbox 327 3557 1358 3623; baseline -0.002 -4"><span class='ocrx_word' id='word_1_220' title='bbox 327 3557 417 3620; x_wconf 88' lang='lat' dir='ltr'>sicut</span> <span class='ocrx_word' id='word_1_221' title='bbox 455 3566 490 3620; x_wconf 92' lang='lat' dir='ltr'>et</span> <span class='ocrx_word' id='word_1_222' title='bbox 528 3567 785 3622; x_wconf 89' lang='lat' dir='ltr'>sacramentum</span> <span class='ocrx_word' id='word_1_223' title='bbox 824 3560 881 3622; x_wconf 90' lang='lat' dir='ltr'>vel</span> <span class='ocrx_word' id='word_1_224' title='bbox 919 3559 1006 3623; x_wconf 90' lang='lat' dir='ltr'>ritus</span> <span class='ocrx_word' id='word_1_225' title='bbox 1045 3558 1223 3622; x_wconf 92' lang='lat' dir='ltr'>sensibilis</span> <span class='ocrx_word' id='word_1_226' title='bbox 1256 3567 1312 3622; x_wconf 93' lang='lat' dir='ltr'>est</span> <span class='ocrx_word' id='word_1_227' title='bbox 1324 3565 1358 3617; x_wconf 83' lang='lat'>30</span> 
     </span>
     <span class='ocr_line' id='line_1_32' title="bbox 327 3661 1312 3747; baseline 0.003 -24"><span class='ocrx_word' id='word_1_228' title='bbox 327 3661 531 3724; x_wconf 89' lang='lat' dir='ltr'>adoracioni</span> <span class='ocrx_word' id='word_1_229' title='bbox 569 3663 627 3726; x_wconf 90' lang='lat' dir='ltr'>isti</span> <span class='ocrx_word' id='word_1_230' title='bbox 659 3672 695 3725; x_wconf 93' lang='lat' dir='ltr'>et</span> <span class='ocrx_word' id='word_1_231' title='bbox 727 3662 990 3745; x_wconf 88' lang='lat' dir='ltr'>preeminencie</span> <span class='ocrx_word' id='word_1_232' title='bbox 1021 3682 1178 3747; x_wconf 89' lang='lat' dir='ltr'>persone</span> <span class='ocrx_word' id='word_1_233' title='bbox 1217 3664 1312 3745; x_wconf 90' lang='lat' dir='ltr'>apud</span> 
     </span>
    </p>
   </div>
   <div class='ocr_carea' id='block_1_3' title="bbox 327 3955 1313 4152">
    <p class='ocr_par' dir='ltr' id='par_1_3' title="bbox 327 3955 1313 4152">
     <span class='ocr_line' id='line_1_33' title="bbox 380 3955 1313 4012; baseline -0.001 -11"><span class='ocrx_word' id='word_1_234' title='bbox 380 3956 402 4001; x_wconf 82' lang='lat'>6.</span> <span class='ocrx_word' id='word_1_235' title='bbox 417 3955 494 4000; x_wconf 85' lang='lat' dir='ltr'>Codd.</span> <span class='ocrx_word' id='word_1_236' title='bbox 508 3956 532 4000; x_wconf 93' lang='lat' dir='ltr'>in</span> <span class='ocrx_word' id='word_1_237' title='bbox 547 3968 633 4011; x_wconf 58' lang='lat' dir='ltr'>marre:</span> <span class='ocrx_word' id='word_1_238' title='bbox 652 3956 767 4012; x_wconf 83' lang='lat' dir='ltr'>Templum</span> <span class='ocrx_word' id='word_1_239' title='bbox 783 3957 828 4001; x_wconf 86' lang='lat' dir='ltr'>Dei</span> <span class='ocrx_word' id='word_1_240' title='bbox 843 3958 923 4000; x_wconf 80' lang='lat' dir='ltr'>animo</span> <span class='ocrx_word' id='word_1_241' title='bbox 937 3962 1028 4000; x_wconf 77' lang='lat' dir='ltr'>sancta.</span> <span class='ocrx_word' id='word_1_242' title='bbox 1083 3955 1177 4010; x_wconf 81' lang='lat'>23-24.</span> <span class='ocrx_word' id='word_1_243' title='bbox 1193 3957 1222 4000; x_wconf 85' lang='lat' dir='ltr'>B:</span> <span class='ocrx_word' id='word_1_244' title='bbox 1240 3957 1275 4000; x_wconf 77' lang='lat' dir='ltr'>ric</span> <span class='ocrx_word' id='word_1_245' title='bbox 1289 3957 1313 4000; x_wconf 82' lang='lat' dir='ltr'>in</span> 
     </span>
     <span class='ocr_line' id='line_1_34' title="bbox 327 4026 1313 4083; baseline 0 -13"><span class='ocrx_word' id='word_1_246' title='bbox 327 4031 393 4071; x_wconf 81' lang='lat' dir='ltr'>terra</span> <span class='ocrx_word' id='word_1_247' title='bbox 405 4026 436 4070; x_wconf 78' lang='lat' dir='ltr'>rit</span> <span class='ocrx_word' id='word_1_248' title='bbox 446 4026 662 4082; x_wconf 80' lang='lat' dir='ltr'>proporcionaliter</span> <span class='ocrx_word' id='word_1_249' title='bbox 675 4026 828 4083; x_wconf 80' lang='lat' dir='ltr'>conformitas</span> <span class='ocrx_word' id='word_1_250' title='bbox 846 4027 918 4071; x_wconf 79' lang='lat' dir='ltr'>deust.</span> <span class='ocrx_word' id='word_1_251' title='bbox 975 4028 1010 4072; x_wconf 83' lang='lat'>28.</span> <span class='ocrx_word' id='word_1_252' title='bbox 1026 4026 1101 4071; x_wconf 80' lang='lat' dir='ltr'>codd.</span> <span class='ocrx_word' id='word_1_253' title='bbox 1119 4028 1141 4071; x_wconf 88' lang='lat' dir='ltr'>in</span> <span class='ocrx_word' id='word_1_254' title='bbox 1157 4039 1242 4082; x_wconf 59' lang='lat' dir='ltr'>marga</span> <span class='ocrx_word' id='word_1_255' title='bbox 1262 4026 1313 4070; x_wconf 81' lang='lat' dir='ltr'>llo·</span> 
     </span>
     <span class='ocr_line' id='line_1_35' title="bbox 327 4095 822 4152; baseline 0.004 -13"><span class='ocrx_word' id='word_1_256' title='bbox 327 4095 395 4140; x_wconf 76' lang='lat' dir='ltr'>minis</span> <span class='ocrx_word' id='word_1_257' title='bbox 408 4096 530 4140; x_wconf 71' lang='lat' dir='ltr'>sanctitati</span> <span class='ocrx_word' id='word_1_258' title='bbox 540 4096 604 4140; x_wconf 74' lang='lat' dir='ltr'>lorus</span> <span class='ocrx_word' id='word_1_259' title='bbox 616 4099 652 4140; x_wconf 78' lang='lat' dir='ltr'>ert</span> <span class='ocrx_word' id='word_1_260' title='bbox 665 4096 822 4152; x_wconf 69' lang='lat' dir='ltr'>impertinens.</span> 
     </span>
    </p>
   </div>
   <div class='ocr_carea' id='block_1_4' title="bbox 329 4220 1313 4375">
    <p class='ocr_par' dir='ltr' id='par_1_4' title="bbox 329 4220 1313 4375">
     <span class='ocr_line' id='line_1_36' title="bbox 381 4220 1313 4289; baseline 0.005 -18"><span class='ocrx_word' id='word_1_261' title='bbox 381 4220 421 4277; x_wconf 84' lang='lat'>26.</span> <span class='ocrx_word' id='word_1_262' title='bbox 440 4222 505 4288; x_wconf 79' lang='lat' dir='ltr'>Cep.</span> <span class='ocrx_word' id='word_1_263' title='bbox 528 4222 556 4286; x_wconf 88' lang='lat'>11,</span> <span class='ocrx_word' id='word_1_264' title='bbox 583 4236 639 4288; x_wconf 76' lang='lat' dir='ltr'>cap.</span> <span class='ocrx_word' id='word_1_265' title='bbox 667 4222 698 4272; x_wconf 90' lang='lat' dir='ltr'>lll</span> <span class='ocrx_word' id='word_1_266' title='bbox 726 4220 781 4274; x_wconf 84' lang='lat' dir='ltr'>Nos</span> <span class='ocrx_word' id='word_1_267' title='bbox 807 4222 857 4288; x_wconf 83' lang='lat' dir='ltr'>qui</span> <span class='ocrx_word' id='word_1_268' title='bbox 878 4235 1025 4289; x_wconf 74' lang='lat' dir='ltr'>pressimus</span> <span class='ocrx_word' id='word_1_269' title='bbox 1051 4233 1077 4274; x_wconf 87' lang='lat' dir='ltr'>et</span> <span class='ocrx_word' id='word_1_270' title='bbox 1104 4223 1138 4273; x_wconf 84' lang='lat' dir='ltr'>lv</span> <span class='ocrx_word' id='word_1_271' title='bbox 1166 4222 1226 4275; x_wconf 75' lang='lat' dir='ltr'>Non</span> <span class='ocrx_word' id='word_1_272' title='bbox 1248 4225 1313 4276; x_wconf 83' lang='lat' dir='ltr'>loca.</span> 
     </span>
     <span class='ocr_line' id='line_1_37' title="bbox 329 4307 526 4375; baseline 0.015 -17"><span class='ocrx_word' id='word_1_273' title='bbox 329 4307 369 4362; x_wconf 79' lang='lat'>28.</span> <span class='ocrx_word' id='word_1_274' title='bbox 388 4309 451 4375; x_wconf 71' lang='lat' dir='ltr'>Cap.</span> <span class='ocrx_word' id='word_1_275' title='bbox 470 4309 526 4361; x_wconf 84' lang='lat' dir='ltr'>Xll.</span> 
     </span>
    </p>
   </div>
   <div class='ocr_carea' id='block_1_5' title="bbox 0 0 1516 5026">
    <p class='ocr_par' dir='ltr' id='par_1_5' title="bbox 0 0 1516 5026">
     <span class='ocr_line' id='line_1_38' title="bbox 0 0 1516 5026; baseline 0 0"><span class='ocrx_word' id='word_1_276' title='bbox 0 0 1516 5026; x_wconf 95' lang='lat' dir='ltr'> </span> 
     </span>
    </p>
   </div>
  </div>
 </body>
</html>
