3008 5026
190 406 259 450 cnr.
275 390 316 475 v]
486 410 529 459 ou
551 409 878 465 conmissurus.

192 565 242 632 oet
268 567 419 650 gemmis
451 571 594 630 ornatus
627 569 677 630 vet
708 569 837 639 sericis,
871 587 938 632 non
965 573 1070 632 tectus
1092 588 1182 632 atero

191 675 242 737 vel
263 676 374 736 vectus
397 690 480 751 equo
502 671 578 734 albo
596 691 656 735 nec
671 673 818 753 stipatus
833 673 943 736 milite
958 690 1017 734 nec
1030 674 1179 737 circum-

190 776 416 858 strepentibus
443 776 631 850 ministris;
658 777 782 856 absque
808 777 875 839 tetis
902 782 1014 839 tamen
1039 777 1183 842 credidit

189 883 276 945 satis
298 899 401 962 posse
423 880 563 961 impleri
584 881 741 944 satutare
763 881 978 944 mandatum.
1017 878 1057 943 St
1079 900 1182 944 amas

167 992 255 1066 ime,
274 1002 380 1068 pasce
402 1002 479 1047 oves
501 1002 607 1047 cereas.
632 983 673 1047 In
695 985 762 1048 tetis
784 985 976 1049 successisti
998 1002 1065 1047 non
1081 983 1182 1049 Petro

189 1093 249 1153 sed
274 1088 503 1155 Constantino.
536 1088 804 1170 Inconsequens
836 1088 944 1172 igitur
967 1088 1062 1151 soret
1083 1090 1180 1170 quod

191 1193 352 1276 sequitur
375 1193 472 1275 quod
488 1192 524 1255 in
539 1193 686 1274 prelatis
701 1193 822 1255 mundi
837 1193 952 1275 gloria
973 1193 1020 1255 sit
1040 1194 1182 1275 sepulta

191 1297 263 1360 vita
291 1296 507 1360 edificatoria
528 1295 638 1360 instar
662 1295 791 1360 Christi
819 1307 856 1359 et
879 1298 1121 1378 apostolorum
1144 1296 1179 1360 in

189 1402 269 1484 ipso
294 1400 504 1465 abscondita
529 1409 565 1463 et
589 1401 745 1483 undique
769 1401 1000 1465 conversacio
1023 1420 1181 1465 consona

153 1527 231 1569 roae
258 1505 479 1569 lucrifactiva
504 1503 540 1567 in
569 1506 665 1567 clero
691 1514 727 1567 et
754 1505 866 1587 laycis
890 1507 1065 1588 copulata.
1106 1503 1180 1568 Sed

190 1612 363 1673 donemus
387 1609 502 1673 autori
524 1608 583 1672 isti
606 1608 773 1671 iniuriam.
812 1608 893 1671 Non
917 1619 1044 1693 querat
1070 1609 1179 1691 igitur
1217 1632 1256 1674 nn
1273 1630 1372 1684 premes

189 1716 349 1797 prelatus
380 1714 590 1776 mundanam
624 1712 875 1776 excellenciam
908 1715 973 1777 sed
1000 1714 1101 1776 iuxta
1127 1683 1384 1805 re·meri1⁰siii{s10

189 1821 305 1904 gulam
330 1818 461 1882 Christi
483 1817 751 1880 inferioritatem
775 1818 959 1882 ministerii
983 1828 1019 1881 et
1039 1820 1179 1901 pacien-
1215 1787 1363 1883 „fviiiiiu

190 1924 276 1987 ciam
288 1933 517 2007 contemptus
540 1922 707 1985 mundani
730 1931 767 1985 et
789 1922 925 1998 iniuria
947 1923 977 1986 si
993 1924 1179 2005 contingat
1211 1889 1375 1997 iiiiii?

152 2033 339 2111 opropter
376 2028 555 2092 servorem
593 2026 779 2091 anhelandi
813 2028 961 2091 celestia
993 2038 1030 2090 et
1063 2036 1177 2091 totum
1224 1995 1359 2039 'hem'

187 2141 389 2215 reputatum
400 2134 531 2196 mundo
542 2131 801 2196 inconveniens
818 2131 885 2194 erit
902 2133 1020 2206 dulce;
1037 2142 1074 2194 et
1096 2133 1176 2194 loco

187 2236 354 2299 momenti
385 2237 561 2299 mundane
594 2235 708 2319 glorie
739 2244 924 2299 accrescet
951 2256 1080 2298 nomen
1103 2235 1177 2297 vite

188 2349 224 2402 et
248 2360 397 2422 operum
422 2340 609 2404 sanctitate
633 2348 670 2402 et
693 2339 790 2422 quod
806 2348 863 2403 est
883 2338 994 2402 maius
1009 2338 1176 2423 gaudium

188 2453 311 2507 eterna
333 2444 525 2528 inscripcio
550 2446 641 2508 libro
664 2445 748 2507 vite.

147 2569 176 2601 20
229 2547 335 2611 Unde
367 2549 462 2611 racio
496 2569 604 2631 quare
636 2569 707 2611 non
731 2548 950 2630 insequimur
971 2547 1074 2610 istam
1100 2568 1174 2610 sen·
1219 2588 1356 2631 weareso

185 2651 337 2715 tenciam
362 2661 418 2716 est
440 2653 639 2729 infidelitas
664 2672 733 2734 qua
748 2672 820 2713 non
838 2651 1015 2714 credimus
1032 2651 1175 2734 scriptis
1187 2641 1394 2748 ssfifflssfflsshffige‘

186 2765 387 2819 sanctorum
412 2768 448 2821 et
470 2757 600 2820 iudicio
618 2756 826 2839 sapientum.
850 2756 910 2817 Ad
931 2764 1064 2818 tantum
1083 2755 1174 2818 enim
1226 2746 1360 2843 wciss'riffitfh

185 2860 303 2942 pulvis
326 2861 447 2925 mundi
471 2871 507 2923 et
530 2882 671 2925 suorum
696 2861 913 2925 sensibilium
933 2880 997 2924 nos
1015 2869 1116 2923 cecat
1140 2869 1175 2922 et
1231 2851 1344 2896 ⁶⁰⁶¹‘i⁰‘·

185 2964 319 3028 diutina
330 2966 527 3029 delectacio
538 2965 742 3028 innaturalis
751 2964 787 3028 in
803 2964 872 3028 illis
888 2965 1006 3046 sopita
1020 2967 1174 3047 palatum

144 3068 288 3131 25animi
320 3069 550 3150 discrasiavit,
584 3070 681 3151 quod
711 3069 757 3131 ad
790 3089 955 3151 magnum
982 3069 1038 3131 Ve
1070 3067 1175 3130 nobis

184 3173 284 3235 iuxta
321 3173 524 3236 vaticinium
564 3173 671 3236 Ysaie
702 3172 746 3252 V,
782 3192 822 3235 20
861 3172 1010 3236 dicimus
1048 3175 1173 3236 bonum

185 3274 335 3355 matum,¹
367 3288 404 3340 et
436 3278 487 3341 sic
520 3279 564 3340 de
587 3278 726 3340 illorum
751 3276 937 3341 contrariis
965 3296 1173 3359 perversum

185 3390 241 3444 est
278 3391 437 3445 nostrum
480 3381 646 3444 iudicium
688 3381 846 3444 maniace
884 3381 920 3443 in
962 3381 1173 3444 contrarium

183 3484 348 3548 iudicium
363 3485 523 3566 racionis,
534 3494 570 3547 et
586 3495 655 3548 tam
671 3485 771 3548 multi
782 3505 824 3548 ac
840 3485 958 3569 magni
973 3484 1174 3547 inciderunt

105 3595 155 3647 182e
182 3591 218 3652 in
242 3589 343 3652 istam
366 3589 511 3666 rabiem,
536 3591 633 3672 quod
656 3589 764 3652 maior
781 3611 865 3672 pars
886 3586 891 3672 Ι
911 3589 1031 3652 mundi
1048 3598 1173 3672 arguet

184 3695 357 3757 docentes
368 3703 404 3757 et
414 3703 599 3758 servantes
614 3695 716 3757 istam
732 3693 949 3758 sentenciam
964 3702 1002 3756 ut
1018 3693 1172 3774 insanos,

183 3797 233 3860 sic
258 3798 354 3880 quod
377 3799 587 3880 generalior,
610 3799 816 3862 accusacior
826 3807 863 3861 et
878 3797 1173 3881 perseverancior

183 3911 239 3964 est
262 3902 470 3982 persecucio
498 3902 533 3965 in
557 3923 692 3985 paucos
716 3904 889 3966 docentes
917 3902 1001 3965 licet
1025 3901 1171 3965 remisse

236 4225 257 4263 ⁴·
275 4209 344 4255 eon:
360 4211 464 4266 implere.
521 4224 554 4255 21.
571 4211 660 4255 Coun:
675 4212 765 4266 seriptt.

235 4349 258 4396 4.
277 4334 334 4386 Joh.
353 4337 419 4399 xxl,
437 4336 473 4386 15.
