<?xml version="1.0" encoding="UTF-8"?>
<!DOCTYPE html PUBLIC "-//W3C//DTD XHTML 1.0 Transitional//EN"
    "http://www.w3.org/TR/xhtml1/DTD/xhtml1-transitional.dtd">
<html xmlns="http://www.w3.org/1999/xhtml" xml:lang="en" lang="en">
 <head>
  <title>
</title>
<meta http-equiv="Content-Type" content="text/html;charset=utf-8" />
  <meta name='ocr-system' content='tesseract 3.04.00' />
  <meta name='ocr-capabilities' content='ocr_page ocr_carea ocr_par ocr_line ocrx_word'/>
</head>
<body>
  <div class='ocr_page' id='page_1' title='image "./johanniswyclift00mattgoog_0204.png"; bbox 0 0 3008 5026; ppageno 0'>
   <div class='ocr_carea' id='block_1_1' title="bbox 183 397 875 477">
    <p class='ocr_par' dir='ltr' id='par_1_1' title="bbox 183 397 875 477">
     <span class='ocr_line' id='line_1_1' title="bbox 183 397 875 477; baseline 0.013 -24"><span class='ocrx_word' id='word_1_1' title='bbox 183 407 252 453; x_wconf 74' lang='lat' dir='ltr'>cae.</span> <span class='ocrx_word' id='word_1_2' title='bbox 268 397 332 477; x_wconf 82' lang='lat' dir='ltr'>vn]</span> <span class='ocrx_word' id='word_1_3' title='bbox 407 464 410 470; x_wconf 53' lang='grc'><strong>,</strong></span> <span class='ocrx_word' id='word_1_4' title='bbox 483 412 528 462; x_wconf 78' lang='lat' dir='ltr'>DE</span> <span class='ocrx_word' id='word_1_5' title='bbox 546 409 759 462; x_wconf 75' lang='lat' dir='ltr'>POTESTATE</span> <span class='ocrx_word' id='word_1_6' title='bbox 777 410 875 462; x_wconf 79' lang='grc' dir='ltr'><strong>ΡΑΡΕ.</strong></span> 
     </span>
    </p>
   </div>
   <div class='ocr_carea' id='block_1_2' title="bbox 142 567 1369 2217">
    <p class='ocr_par' dir='ltr' id='par_1_2' title="bbox 142 567 1369 2217">
     <span class='ocr_line' id='line_1_2' title="bbox 182 567 1171 651; baseline -0.007 -19"><span class='ocrx_word' id='word_1_7' title='bbox 182 568 269 632; x_wconf 90' lang='lat' dir='ltr'>siam</span> <span class='ocrx_word' id='word_1_8' title='bbox 297 567 399 632; x_wconf 89' lang='lat' dir='ltr'>datur</span> <span class='ocrx_word' id='word_1_9' title='bbox 422 567 611 650; x_wconf 91' lang='lat' dir='ltr'>unicuique</span> <span class='ocrx_word' id='word_1_10' title='bbox 639 567 825 651; x_wconf 91' lang='lat' dir='ltr'>episcopo,</span> <span class='ocrx_word' id='word_1_11' title='bbox 853 573 1022 649; x_wconf 90' lang='lat' dir='ltr'>quantum</span> <span class='ocrx_word' id='word_1_12' title='bbox 1049 569 1171 648; x_wconf 90' lang='lat' dir='ltr'>potest</span> 
     </span>
     <span class='ocr_line' id='line_1_3' title="bbox 181 669 1170 754; baseline -0.005 -19"><span class='ocrx_word' id='word_1_13' title='bbox 181 672 285 736; x_wconf 87' lang='lat' dir='ltr'>matri</span> <span class='ocrx_word' id='word_1_14' title='bbox 307 692 370 736; x_wconf 91' lang='lat' dir='ltr'>sue</span> <span class='ocrx_word' id='word_1_15' title='bbox 394 673 580 754; x_wconf 86' lang='lat' dir='ltr'>proficere,</span> <span class='ocrx_word' id='word_1_16' title='bbox 615 671 692 735; x_wconf 89' lang='lat' dir='ltr'>sive</span> <span class='ocrx_word' id='word_1_17' title='bbox 716 672 994 754; x_wconf 83' lang='lat' dir='ltr'>evangelizando</span> <span class='ocrx_word' id='word_1_18' title='bbox 1018 669 1095 733; x_wconf 89' lang='lat' dir='ltr'>sive</span> <span class='ocrx_word' id='word_1_19' title='bbox 1119 686 1170 730; x_wconf 89' lang='lat' dir='ltr'>sa·</span> 
     </span>
     <span class='ocr_line' id='line_1_4' title="bbox 182 774 1170 857; baseline -0.006 -17"><span class='ocrx_word' id='word_1_20' title='bbox 182 787 361 841; x_wconf 86' lang='lat' dir='ltr'>eramenta</span> <span class='ocrx_word' id='word_1_21' title='bbox 387 776 617 841; x_wconf 90' lang='lat' dir='ltr'>ministrando</span> <span class='ocrx_word' id='word_1_22' title='bbox 645 775 722 840; x_wconf 89' lang='lat' dir='ltr'>sive</span> <span class='ocrx_word' id='word_1_23' title='bbox 751 777 926 850; x_wconf 81' lang='lat' dir='ltr'>oracione,</span> <span class='ocrx_word' id='word_1_24' title='bbox 959 774 1170 857; x_wconf 90' lang='lat' dir='ltr'>contempla-</span> 
     </span>
     <span class='ocr_line' id='line_1_5' title="bbox 183 879 1171 964; baseline -0.007 -19"><span class='ocrx_word' id='word_1_25' title='bbox 183 881 295 963; x_wconf 87' lang='lat' dir='ltr'>cione,</span> <span class='ocrx_word' id='word_1_26' title='bbox 318 880 587 964; x_wconf 88' lang='lat' dir='ltr'>exemplacione</span> <span class='ocrx_word' id='word_1_27' title='bbox 604 880 809 943; x_wconf 89' lang='lat' dir='ltr'>edificando.</span> <span class='ocrx_word' id='word_1_28' title='bbox 824 879 929 943; x_wconf 86' lang='lat' dir='ltr'>Unde</span> <span class='ocrx_word' id='word_1_29' title='bbox 949 887 1096 962; x_wconf 90' lang='lat' dir='ltr'>propter</span> <span class='ocrx_word' id='word_1_30' title='bbox 1112 896 1171 939; x_wconf 90' lang='lat' dir='ltr'>ex·</span> 
     </span>
     <span class='ocr_line' id='line_1_6' title="bbox 157 981 1171 1067; baseline -0.005 -18"><span class='ocrx_word' id='word_1_31' title='bbox 157 985 395 1066; x_wconf 72' lang='lat' dir='ltr'>scellenciam,</span> <span class='ocrx_word' id='word_1_32' title='bbox 427 1005 530 1067; x_wconf 91' lang='lat' dir='ltr'>quam</span> <span class='ocrx_word' id='word_1_33' title='bbox 564 987 736 1049; x_wconf 89' lang='lat' dir='ltr'>debemus</span> <span class='ocrx_word' id='word_1_34' title='bbox 767 986 912 1056; x_wconf 90' lang='lat' dir='ltr'>habere,</span> <span class='ocrx_word' id='word_1_35' title='bbox 952 985 1070 1047; x_wconf 91' lang='lat' dir='ltr'>claves</span> <span class='ocrx_word' id='word_1_36' title='bbox 1101 981 1171 1045; x_wconf 90' lang='lat' dir='ltr'>iste</span> 
     </span>
     <span class='ocr_line' id='line_1_7' title="bbox 182 1086 1170 1172; baseline -0.004 -19"><span class='ocrx_word' id='word_1_37' title='bbox 182 1090 347 1153; x_wconf 89' lang='lat' dir='ltr'>dicuntur</span> <span class='ocrx_word' id='word_1_38' title='bbox 378 1088 605 1172; x_wconf 84' lang='lat' dir='ltr'>singulariter</span> <span class='ocrx_word' id='word_1_39' title='bbox 635 1089 882 1153; x_wconf 90' lang='lat' dir='ltr'>sacerdotibus</span> <span class='ocrx_word' id='word_1_40' title='bbox 915 1086 1044 1152; x_wconf 87' lang='lat' dir='ltr'>Christi</span> <span class='ocrx_word' id='word_1_41' title='bbox 1079 1106 1170 1149; x_wconf 91' lang='lat' dir='ltr'>com·</span> 
     </span>
     <span class='ocr_line' id='line_1_8' title="bbox 181 1191 1171 1279; baseline -0.005 -20"><span class='ocrx_word' id='word_1_42' title='bbox 181 1205 317 1279; x_wconf 91' lang='lat' dir='ltr'>petere,</span> <span class='ocrx_word' id='word_1_43' title='bbox 339 1193 391 1258; x_wconf 91' lang='lat' dir='ltr'>sic</span> <span class='ocrx_word' id='word_1_44' title='bbox 407 1194 505 1277; x_wconf 93' lang='lat' dir='ltr'>quod</span> <span class='ocrx_word' id='word_1_45' title='bbox 527 1202 689 1277; x_wconf 90' lang='lat' dir='ltr'>potestas</span> <span class='ocrx_word' id='word_1_46' title='bbox 709 1195 756 1258; x_wconf 92' lang='lat' dir='ltr'>sit</span> <span class='ocrx_word' id='word_1_47' title='bbox 777 1194 955 1258; x_wconf 87' lang='lat' dir='ltr'>materiale</span> <span class='ocrx_word' id='word_1_48' title='bbox 980 1191 1171 1275; x_wconf 89' lang='lat' dir='ltr'>spiritualis</span> 
     </span>
     <span class='ocr_line' id='line_1_9' title="bbox 182 1297 1171 1382; baseline -0.004 -19"><span class='ocrx_word' id='word_1_49' title='bbox 182 1299 292 1363; x_wconf 88' lang='lat' dir='ltr'>clavis</span> <span class='ocrx_word' id='word_1_50' title='bbox 308 1299 509 1382; x_wconf 86' lang='lat' dir='ltr'>presbiteri,</span> <span class='ocrx_word' id='word_1_51' title='bbox 534 1309 570 1363; x_wconf 92' lang='lat' dir='ltr'>et</span> <span class='ocrx_word' id='word_1_52' title='bbox 585 1300 733 1363; x_wconf 88' lang='lat' dir='ltr'>formale</span> <span class='ocrx_word' id='word_1_53' title='bbox 749 1308 805 1364; x_wconf 91' lang='lat' dir='ltr'>est</span> <span class='ocrx_word' id='word_1_54' title='bbox 821 1299 977 1362; x_wconf 84' lang='lat' dir='ltr'>sciencia</span> <span class='ocrx_word' id='word_1_55' title='bbox 996 1297 1076 1380; x_wconf 90' lang='lat' dir='ltr'>Dei,</span> <span class='ocrx_word' id='word_1_56' title='bbox 1100 1316 1171 1360; x_wconf 89' lang='lat' dir='ltr'>non</span> 
     </span>
     <span class='ocr_line' id='line_1_10' title="bbox 181 1401 1170 1487; baseline -0.004 -18"><span class='ocrx_word' id='word_1_57' title='bbox 181 1404 336 1469; x_wconf 90' lang='lat' dir='ltr'>sciencia</span> <span class='ocrx_word' id='word_1_58' title='bbox 363 1403 618 1487; x_wconf 90' lang='lat' dir='ltr'>mathematica,</span> <span class='ocrx_word' id='word_1_59' title='bbox 645 1424 716 1467; x_wconf 90' lang='lat' dir='ltr'>non</span> <span class='ocrx_word' id='word_1_60' title='bbox 744 1403 862 1487; x_wconf 83' lang='lat' dir='ltr'>logica</span> <span class='ocrx_word' id='word_1_61' title='bbox 884 1405 943 1467; x_wconf 91' lang='lat' dir='ltr'>vel</span> <span class='ocrx_word' id='word_1_62' title='bbox 970 1401 1170 1485; x_wconf 78' lang='lat' dir='ltr'>disputacio</span> 
     </span>
     <span class='ocr_line' id='line_1_11' title="bbox 142 1507 1171 1593; baseline 0.005 -27"><span class='ocrx_word' id='word_1_63' title='bbox 142 1508 377 1590; x_wconf 78' lang='lat' dir='ltr'>10seolastica‚</span> <span class='ocrx_word' id='word_1_64' title='bbox 419 1509 485 1572; x_wconf 90' lang='lat' dir='ltr'>sed</span> <span class='ocrx_word' id='word_1_65' title='bbox 521 1508 676 1573; x_wconf 90' lang='lat' dir='ltr'>sciencia</span> <span class='ocrx_word' id='word_1_66' title='bbox 712 1509 899 1593; x_wconf 87' lang='lat' dir='ltr'>scripture,</span> <span class='ocrx_word' id='word_1_67' title='bbox 940 1528 1043 1591; x_wconf 91' lang='lat' dir='ltr'>quam</span> <span class='ocrx_word' id='word_1_68' title='bbox 1081 1507 1171 1591; x_wconf 90' lang='lat' dir='ltr'>epis·</span> 
     </span>
     <span class='ocr_line' id='line_1_12' title="bbox 183 1613 1172 1695; baseline 0 -19"><span class='ocrx_word' id='word_1_69' title='bbox 183 1632 296 1695; x_wconf 89' lang='lat' dir='ltr'>copus</span> <span class='ocrx_word' id='word_1_70' title='bbox 329 1613 438 1677; x_wconf 91' lang='lat' dir='ltr'>debet</span> <span class='ocrx_word' id='word_1_71' title='bbox 470 1614 692 1677; x_wconf 85' lang='lat' dir='ltr'>excellenter</span> <span class='ocrx_word' id='word_1_72' title='bbox 723 1632 945 1695; x_wconf 86' lang='lat' dir='ltr'>cognoscere</span> <span class='ocrx_word' id='word_1_73' title='bbox 972 1621 1009 1675; x_wconf 95' lang='lat' dir='ltr'>et</span> <span class='ocrx_word' id='word_1_74' title='bbox 1032 1613 1172 1676; x_wconf 90' lang='lat' dir='ltr'>docere.</span> 
     </span>
     <span class='ocr_line' id='line_1_13' title="bbox 183 1715 1171 1801; baseline -0.001 -22"><span class='ocrx_word' id='word_1_75' title='bbox 183 1715 287 1780; x_wconf 84' lang='lat' dir='ltr'>Unde</span> <span class='ocrx_word' id='word_1_76' title='bbox 316 1716 408 1781; x_wconf 89' lang='lat' dir='ltr'>sicut</span> <span class='ocrx_word' id='word_1_77' title='bbox 434 1717 581 1782; x_wconf 89' lang='lat' dir='ltr'>materia</span> <span class='ocrx_word' id='word_1_78' title='bbox 608 1717 720 1800; x_wconf 90' lang='lat' dir='ltr'>prima</span> <span class='ocrx_word' id='word_1_79' title='bbox 747 1737 819 1780; x_wconf 90' lang='lat' dir='ltr'>non</span> <span class='ocrx_word' id='word_1_80' title='bbox 845 1725 968 1801; x_wconf 90' lang='lat' dir='ltr'>potest</span> <span class='ocrx_word' id='word_1_81' title='bbox 991 1736 1072 1780; x_wconf 90' lang='lat' dir='ltr'>esse</span> <span class='ocrx_word' id='word_1_82' title='bbox 1095 1715 1171 1779; x_wconf 92' lang='lat' dir='ltr'>sine</span> 
     </span>
     <span class='ocr_line' id='line_1_14' title="bbox 183 1819 1172 1904; baseline 0 -22"><span class='ocrx_word' id='word_1_83' title='bbox 183 1819 295 1883; x_wconf 87' lang='lat' dir='ltr'>forma</span> <span class='ocrx_word' id='word_1_84' title='bbox 321 1821 492 1885; x_wconf 89' lang='lat' dir='ltr'>materiali</span> <span class='ocrx_word' id='word_1_85' title='bbox 524 1841 591 1884; x_wconf 91' lang='lat' dir='ltr'>nec</span> <span class='ocrx_word' id='word_1_86' title='bbox 624 1831 778 1904; x_wconf 89' lang='lat' dir='ltr'>econtra,</span> <span class='ocrx_word' id='word_1_87' title='bbox 810 1821 861 1885; x_wconf 92' lang='lat' dir='ltr'>sic</span> <span class='ocrx_word' id='word_1_88' title='bbox 894 1820 1037 1885; x_wconf 91' lang='lat' dir='ltr'>videtur</span> <span class='ocrx_word' id='word_1_89' title='bbox 1067 1819 1172 1884; x_wconf 91' lang='lat' dir='ltr'>michi</span> 
     </span>
     <span class='ocr_line' id='line_1_15' title="bbox 185 1925 1173 2009; baseline 0.002 -22"><span class='ocrx_word' id='word_1_90' title='bbox 185 1925 282 2006; x_wconf 92' lang='lat' dir='ltr'>quod</span> <span class='ocrx_word' id='word_1_91' title='bbox 304 1934 466 2007; x_wconf 90' lang='lat' dir='ltr'>potestas</span> <span class='ocrx_word' id='word_1_92' title='bbox 490 1925 639 1989; x_wconf 90' lang='lat' dir='ltr'>clavium</span> <span class='ocrx_word' id='word_1_93' title='bbox 660 1926 933 1991; x_wconf 79' lang='lat' dir='ltr'>sacerdotalium</span> <span class='ocrx_word' id='word_1_94' title='bbox 954 1946 1026 1989; x_wconf 93' lang='lat' dir='ltr'>non</span> <span class='ocrx_word' id='word_1_95' title='bbox 1049 1933 1173 2009; x_wconf 92' lang='lat' dir='ltr'>potest</span> 
     </span>
     <span class='ocr_line' id='line_1_16' title="bbox 144 2028 989 2111; baseline 0.004 -21"><span class='ocrx_word' id='word_1_96' title='bbox 144 2040 172 2090; x_wconf 85' lang='lat'>15</span> <span class='ocrx_word' id='word_1_97' title='bbox 185 2048 266 2091; x_wconf 89' lang='lat' dir='ltr'>esse</span> <span class='ocrx_word' id='word_1_98' title='bbox 289 2028 366 2091; x_wconf 91' lang='lat' dir='ltr'>sine</span> <span class='ocrx_word' id='word_1_99' title='bbox 386 2028 547 2111; x_wconf 89' lang='lat' dir='ltr'>predicta</span> <span class='ocrx_word' id='word_1_100' title='bbox 569 2029 722 2093; x_wconf 89' lang='lat' dir='ltr'>sciencia</span> <span class='ocrx_word' id='word_1_101' title='bbox 743 2050 811 2093; x_wconf 92' lang='lat' dir='ltr'>nec</span> <span class='ocrx_word' id='word_1_102' title='bbox 834 2038 989 2095; x_wconf 90' lang='lat' dir='ltr'>econtra.</span> 
     </span>
     <span class='ocr_line' id='line_1_17' title="bbox 228 2133 1369 2217; baseline 0.001 -21"><span class='ocrx_word' id='word_1_103' title='bbox 228 2133 333 2196; x_wconf 86' lang='lat' dir='ltr'>Unde</span> <span class='ocrx_word' id='word_1_104' title='bbox 347 2134 527 2213; x_wconf 90' lang='lat' dir='ltr'>Johannes</span> <span class='ocrx_word' id='word_1_105' title='bbox 542 2134 658 2197; x_wconf 89' lang='lat' dir='ltr'>XXII</span> <span class='ocrx_word' id='word_1_106' title='bbox 675 2134 784 2198; x_wconf 90' lang='lat' dir='ltr'>etalii</span> <span class='ocrx_word' id='word_1_107' title='bbox 807 2137 964 2198; x_wconf 91' lang='lat' dir='ltr'>seculum</span> <span class='ocrx_word' id='word_1_108' title='bbox 980 2135 1171 2217; x_wconf 90' lang='lat' dir='ltr'>sapientes,</span> <span class='ocrx_word' id='word_1_109' title='bbox 1186 2151 1247 2198; x_wconf 77' lang='lat' dir='ltr'>loun</span> <span class='ocrx_word' id='word_1_110' title='bbox 1263 2153 1327 2198; x_wconf 70' lang='lat' dir='ltr'>xru</span> <span class='ocrx_word' id='word_1_111' title='bbox 1341 2165 1369 2197; x_wconf 70' lang='lat' dir='ltr'>an</span> 
     </span>
    </p>
   </div>
   <div class='ocr_carea' id='block_1_3' title="bbox 1195 2206 1367 2259">
    <p class='ocr_par' dir='ltr' id='par_1_3' title="bbox 1195 2206 1367 2259">
     <span class='ocr_line' id='line_1_18' title="bbox 1195 2206 1367 2259; baseline 0 -10"><span class='ocrx_word' id='word_1_112' title='bbox 1195 2208 1273 2250; x_wconf 75' lang='lat' dir='ltr'>others</span> <span class='ocrx_word' id='word_1_113' title='bbox 1288 2206 1367 2259; x_wconf 69' lang='lat' dir='ltr'>lorged</span> 
     </span>
    </p>
   </div>
   <div class='ocr_carea' id='block_1_4' title="bbox 184 2238 1355 2354">
    <p class='ocr_par' dir='ltr' id='par_1_4' title="bbox 184 2238 1355 2354">
     <span class='ocr_line' id='line_1_19' title="bbox 184 2238 1355 2354; baseline -0.001 -52"><span class='ocrx_word' id='word_1_114' title='bbox 184 2238 359 2322; x_wconf 90' lang='lat' dir='ltr'>quianon</span> <span class='ocrx_word' id='word_1_115' title='bbox 383 2248 615 2303; x_wconf 83' lang='lat' dir='ltr'>excesserant</span> <span class='ocrx_word' id='word_1_116' title='bbox 641 2240 678 2303; x_wconf 94' lang='lat' dir='ltr'>in</span> <span class='ocrx_word' id='word_1_117' title='bbox 704 2239 782 2303; x_wconf 90' lang='lat' dir='ltr'>istis</span> <span class='ocrx_word' id='word_1_118' title='bbox 807 2239 966 2303; x_wconf 85' lang='lat' dir='ltr'>clavibus</span> <span class='ocrx_word' id='word_1_119' title='bbox 994 2250 1031 2303; x_wconf 92' lang='lat' dir='ltr'>et</span> <span class='ocrx_word' id='word_1_120' title='bbox 1054 2260 1171 2303; x_wconf 87' lang='lat' dir='ltr'>earum</span> <span class='ocrx_word' id='word_1_121' title='bbox 1211 2259 1355 2354; x_wconf 46' lang='lat'>&#39;‘3335&#39;&#39;</span> 
     </span>
    </p>
   </div>
   <div class='ocr_carea' id='block_1_5' title="bbox 98 2324 1379 3576">
    <p class='ocr_par' dir='ltr' id='par_1_5' title="bbox 98 2324 1379 3576">
     <span class='ocr_line' id='line_1_20' title="bbox 98 2324 1359 2430; baseline -0.001 -25"><span class='ocrx_word' id='word_1_122' title='bbox 98 2335 157 2403; x_wconf 75' lang='lat'>¹9⁶⁸</span> <span class='ocrx_word' id='word_1_123' title='bbox 184 2343 322 2421; x_wconf 76' lang='lat' dir='ltr'>officiiS,</span> <span class='ocrx_word' id='word_1_124' title='bbox 339 2343 517 2407; x_wconf 91' lang='lat' dir='ltr'>finxerunt</span> <span class='ocrx_word' id='word_1_125' title='bbox 533 2345 651 2408; x_wconf 90' lang='lat' dir='ltr'>claves</span> <span class='ocrx_word' id='word_1_126' title='bbox 663 2343 667 2430; x_wconf 68' lang='lat' dir='ltr'>l</span> <span class='ocrx_word' id='word_1_127' title='bbox 679 2345 870 2427; x_wconf 84' lang='lat' dir='ltr'>potestatis</span> <span class='ocrx_word' id='word_1_128' title='bbox 887 2354 924 2408; x_wconf 90' lang='lat' dir='ltr'>et</span> <span class='ocrx_word' id='word_1_129' title='bbox 938 2343 1171 2426; x_wconf 80' lang='lat' dir='ltr'>auctoritatis,</span> <span class='ocrx_word' id='word_1_130' title='bbox 1208 2324 1292 2417; x_wconf 65' lang='lat' dir='ltr'>sapie</span> <span class='ocrx_word' id='word_1_131' title='bbox 1307 2374 1359 2422; x_wconf 71' lang='lat' dir='ltr'>men</span> 
     </span>
     <span class='ocr_line' id='line_1_21' title="bbox 184 2415 1334 2533; baseline -0.001 -22"><span class='ocrx_word' id='word_1_132' title='bbox 184 2469 271 2531; x_wconf 91' lang='lat' dir='ltr'>quas</span> <span class='ocrx_word' id='word_1_133' title='bbox 295 2450 546 2533; x_wconf 85' lang='lat' dir='ltr'>congregando</span> <span class='ocrx_word' id='word_1_134' title='bbox 568 2449 737 2532; x_wconf 90' lang='lat' dir='ltr'>pecunias</span> <span class='ocrx_word' id='word_1_135' title='bbox 766 2449 945 2531; x_wconf 87' lang='lat' dir='ltr'>simplices</span> <span class='ocrx_word' id='word_1_136' title='bbox 969 2469 1033 2512; x_wconf 90' lang='lat' dir='ltr'>sue</span> <span class='ocrx_word' id='word_1_137' title='bbox 1056 2458 1171 2531; x_wconf 90' lang='lat' dir='ltr'>tyran·</span> <span class='ocrx_word' id='word_1_138' title='bbox 1227 2415 1334 2524; x_wconf 47' lang='lat' dir='ltr'>iiiiii-¹.</span> 
     </span>
     <span class='ocr_line' id='line_1_22' title="bbox 141 2553 1171 2636; baseline 0.002 -23"><span class='ocrx_word' id='word_1_139' title='bbox 141 2579 174 2613; x_wconf 82' lang='lat'>20</span> <span class='ocrx_word' id='word_1_140' title='bbox 183 2553 257 2616; x_wconf 92' lang='lat' dir='ltr'>nidi</span> <span class='ocrx_word' id='word_1_141' title='bbox 280 2563 317 2617; x_wconf 92' lang='lat' dir='ltr'>et</span> <span class='ocrx_word' id='word_1_142' title='bbox 339 2554 499 2636; x_wconf 88' lang='lat' dir='ltr'>ypocrisi</span> <span class='ocrx_word' id='word_1_143' title='bbox 514 2553 752 2620; x_wconf 85' lang='lat' dir='ltr'>subiecerunt</span> <span class='ocrx_word' id='word_1_144' title='bbox 774 2553 875 2619; x_wconf 91' lang='lat' dir='ltr'>Sicut</span> <span class='ocrx_word' id='word_1_145' title='bbox 891 2554 983 2616; x_wconf 90' lang='lat' dir='ltr'>enim</span> <span class='ocrx_word' id='word_1_146' title='bbox 1003 2562 1087 2617; x_wconf 90' lang='lat' dir='ltr'>sunt</span> <span class='ocrx_word' id='word_1_147' title='bbox 1102 2553 1171 2615; x_wconf 90' lang='lat' dir='ltr'>due</span> 
     </span>
     <span class='ocr_line' id='line_1_23' title="bbox 184 2656 1173 2737; baseline 0 -18"><span class='ocrx_word' id='word_1_148' title='bbox 184 2657 252 2737; x_wconf 89' lang='lat' dir='ltr'>vie,</span> <span class='ocrx_word' id='word_1_149' title='bbox 275 2678 343 2721; x_wconf 91' lang='lat' dir='ltr'>una</span> <span class='ocrx_word' id='word_1_150' title='bbox 366 2659 609 2722; x_wconf 89' lang='lat' dir='ltr'>descendendi</span> <span class='ocrx_word' id='word_1_151' title='bbox 631 2659 666 2721; x_wconf 92' lang='lat' dir='ltr'>in</span> <span class='ocrx_word' id='word_1_152' title='bbox 682 2657 783 2722; x_wconf 87' lang='lat' dir='ltr'>viciis</span> <span class='ocrx_word' id='word_1_153' title='bbox 799 2660 845 2721; x_wconf 87' lang='lat' dir='ltr'>ad</span> <span class='ocrx_word' id='word_1_154' title='bbox 862 2657 1036 2721; x_wconf 87' lang='lat' dir='ltr'>infernum</span> <span class='ocrx_word' id='word_1_155' title='bbox 1054 2667 1091 2721; x_wconf 90' lang='lat' dir='ltr'>et</span> <span class='ocrx_word' id='word_1_156' title='bbox 1106 2656 1173 2720; x_wconf 88' lang='lat' dir='ltr'>alia</span> 
     </span>
     <span class='ocr_line' id='line_1_24' title="bbox 184 2762 1171 2846; baseline 0.001 -22"><span class='ocrx_word' id='word_1_157' title='bbox 184 2763 401 2825; x_wconf 89' lang='lat' dir='ltr'>ascendendi</span> <span class='ocrx_word' id='word_1_158' title='bbox 424 2762 460 2826; x_wconf 91' lang='lat' dir='ltr'>in</span> <span class='ocrx_word' id='word_1_159' title='bbox 476 2762 666 2826; x_wconf 88' lang='lat' dir='ltr'>virtutibus</span> <span class='ocrx_word' id='word_1_160' title='bbox 689 2764 736 2826; x_wconf 88' lang='lat' dir='ltr'>ad</span> <span class='ocrx_word' id='word_1_161' title='bbox 756 2763 943 2826; x_wconf 87' lang='lat' dir='ltr'>ecclesiam</span> <span class='ocrx_word' id='word_1_162' title='bbox 959 2762 1171 2846; x_wconf 87' lang='lat' dir='ltr'>triumphan-</span> 
     </span>
     <span class='ocr_line' id='line_1_25' title="bbox 184 2866 1172 2949; baseline 0.002 -20"><span class='ocrx_word' id='word_1_163' title='bbox 184 2875 266 2944; x_wconf 87' lang='lat' dir='ltr'>tem,</span> <span class='ocrx_word' id='word_1_164' title='bbox 290 2866 341 2930; x_wconf 93' lang='lat' dir='ltr'>sic</span> <span class='ocrx_word' id='word_1_165' title='bbox 365 2877 448 2930; x_wconf 91' lang='lat' dir='ltr'>sunt</span> <span class='ocrx_word' id='word_1_166' title='bbox 471 2869 540 2931; x_wconf 93' lang='lat' dir='ltr'>due</span> <span class='ocrx_word' id='word_1_167' title='bbox 563 2877 668 2949; x_wconf 92' lang='lat' dir='ltr'>porte</span> <span class='ocrx_word' id='word_1_168' title='bbox 692 2867 769 2930; x_wconf 90' lang='lat' dir='ltr'>sive</span> <span class='ocrx_word' id='word_1_169' title='bbox 791 2867 966 2933; x_wconf 90' lang='lat' dir='ltr'>introitus.</span> <span class='ocrx_word' id='word_1_170' title='bbox 994 2866 1172 2932; x_wconf 87' lang='lat' dir='ltr'>Sacerdos</span> 
     </span>
     <span class='ocr_line' id='line_1_26' title="bbox 184 2973 1172 3054; baseline 0.001 -21"><span class='ocrx_word' id='word_1_171' title='bbox 184 2981 300 3035; x_wconf 91' lang='lat' dir='ltr'>autem</span> <span class='ocrx_word' id='word_1_172' title='bbox 329 2973 438 3035; x_wconf 90' lang='lat' dir='ltr'>debet</span> <span class='ocrx_word' id='word_1_173' title='bbox 464 2973 597 3035; x_wconf 90' lang='lat' dir='ltr'>habere</span> <span class='ocrx_word' id='word_1_174' title='bbox 626 2973 745 3036; x_wconf 89' lang='lat' dir='ltr'>claves</span> <span class='ocrx_word' id='word_1_175' title='bbox 769 2974 812 3036; x_wconf 90' lang='lat' dir='ltr'>ad</span> <span class='ocrx_word' id='word_1_176' title='bbox 836 2973 1026 3036; x_wconf 89' lang='lat' dir='ltr'>serandum</span> <span class='ocrx_word' id='word_1_177' title='bbox 1048 2980 1172 3054; x_wconf 90' lang='lat' dir='ltr'>portas</span> 
     </span>
     <span class='ocr_line' id='line_1_27' title="bbox 142 3075 1171 3159; baseline 0.004 -25"><span class='ocrx_word' id='word_1_178' title='bbox 142 3085 172 3134; x_wconf 79' lang='lat'>25</span> <span class='ocrx_word' id='word_1_179' title='bbox 183 3076 287 3139; x_wconf 86' lang='lat' dir='ltr'>inferi</span> <span class='ocrx_word' id='word_1_180' title='bbox 301 3098 322 3139; x_wconf 91' lang='lat' dir='ltr'>a</span> <span class='ocrx_word' id='word_1_181' title='bbox 338 3076 556 3159; x_wconf 91' lang='lat' dir='ltr'>simplicibus</span> <span class='ocrx_word' id='word_1_182' title='bbox 573 3076 641 3140; x_wconf 92' lang='lat' dir='ltr'>sibi</span> <span class='ocrx_word' id='word_1_183' title='bbox 661 3076 813 3140; x_wconf 90' lang='lat' dir='ltr'>subditis</span> <span class='ocrx_word' id='word_1_184' title='bbox 830 3085 867 3140; x_wconf 91' lang='lat' dir='ltr'>et</span> <span class='ocrx_word' id='word_1_185' title='bbox 882 3077 927 3139; x_wconf 90' lang='lat' dir='ltr'>ad</span> <span class='ocrx_word' id='word_1_186' title='bbox 943 3075 1171 3159; x_wconf 89' lang='lat' dir='ltr'>aperiendum</span> 
     </span>
     <span class='ocr_line' id='line_1_28' title="bbox 184 3179 1171 3264; baseline 0 -21"><span class='ocrx_word' id='word_1_187' title='bbox 184 3180 404 3263; x_wconf 90' lang='lat' dir='ltr'>simplicibus</span> <span class='ocrx_word' id='word_1_188' title='bbox 441 3191 564 3264; x_wconf 90' lang='lat' dir='ltr'>portas</span> <span class='ocrx_word' id='word_1_189' title='bbox 603 3180 679 3262; x_wconf 88' lang='lat' dir='ltr'>celi,</span> <span class='ocrx_word' id='word_1_190' title='bbox 720 3190 758 3244; x_wconf 89' lang='lat' dir='ltr'>et</span> <span class='ocrx_word' id='word_1_191' title='bbox 795 3180 846 3243; x_wconf 91' lang='lat' dir='ltr'>sic</span> <span class='ocrx_word' id='word_1_192' title='bbox 885 3182 996 3244; x_wconf 92' lang='lat' dir='ltr'>debet</span> <span class='ocrx_word' id='word_1_193' title='bbox 1033 3179 1171 3263; x_wconf 90' lang='lat' dir='ltr'>aperire</span> 
     </span>
     <span class='ocr_line' id='line_1_29' title="bbox 184 3284 1171 3367; baseline 0 -20"><span class='ocrx_word' id='word_1_194' title='bbox 184 3286 371 3367; x_wconf 90' lang='lat' dir='ltr'>pascendis</span> <span class='ocrx_word' id='word_1_195' title='bbox 404 3285 532 3348; x_wconf 92' lang='lat' dir='ltr'>ovibus</span> <span class='ocrx_word' id='word_1_196' title='bbox 564 3287 766 3348; x_wconf 90' lang='lat' dir='ltr'>thesaurum</span> <span class='ocrx_word' id='word_1_197' title='bbox 800 3284 982 3366; x_wconf 91' lang='lat' dir='ltr'>virtutum,</span> <span class='ocrx_word' id='word_1_198' title='bbox 1020 3293 1057 3347; x_wconf 90' lang='lat' dir='ltr'>et</span> <span class='ocrx_word' id='word_1_199' title='bbox 1092 3284 1171 3367; x_wconf 91' lang='lat' dir='ltr'>ipse</span> 
     </span>
     <span class='ocr_line' id='line_1_30' title="bbox 183 3388 1170 3472; baseline -0.002 -20"><span class='ocrx_word' id='word_1_200' title='bbox 183 3389 296 3472; x_wconf 89' lang='lat' dir='ltr'>primo</span> <span class='ocrx_word' id='word_1_201' title='bbox 321 3389 489 3454; x_wconf 91' lang='lat' dir='ltr'>virtuosis</span> <span class='ocrx_word' id='word_1_202' title='bbox 513 3388 683 3471; x_wconf 88' lang='lat' dir='ltr'>operibus</span> <span class='ocrx_word' id='word_1_203' title='bbox 707 3390 888 3472; x_wconf 91' lang='lat' dir='ltr'>sequelam</span> <span class='ocrx_word' id='word_1_204' title='bbox 912 3388 1031 3451; x_wconf 92' lang='lat' dir='ltr'>ovium</span> <span class='ocrx_word' id='word_1_205' title='bbox 1054 3408 1170 3451; x_wconf 90' lang='lat' dir='ltr'>exem-</span> 
     </span>
     <span class='ocr_line' id='line_1_31' title="bbox 184 3492 1379 3576; baseline -0.003 -20"><span class='ocrx_word' id='word_1_206' title='bbox 184 3494 364 3576; x_wconf 90' lang='lat' dir='ltr'>plantibus</span> <span class='ocrx_word' id='word_1_207' title='bbox 388 3504 424 3556; x_wconf 91' lang='lat' dir='ltr'>et</span> <span class='ocrx_word' id='word_1_208' title='bbox 440 3493 680 3556; x_wconf 86' lang='lat' dir='ltr'>excitantibus</span> <span class='ocrx_word' id='word_1_209' title='bbox 695 3492 850 3556; x_wconf 91' lang='lat' dir='ltr'>introire.</span> <span class='ocrx_word' id='word_1_210' title='bbox 873 3492 979 3556; x_wconf 90' lang='lat' dir='ltr'>Unde</span> <span class='ocrx_word' id='word_1_211' title='bbox 995 3501 1172 3576; x_wconf 91' lang='lat' dir='ltr'>quotquot</span> <span class='ocrx_word' id='word_1_212' title='bbox 1190 3509 1244 3553; x_wconf 69' lang='lat'>111⁵</span> <span class='ocrx_word' id='word_1_213' title='bbox 1260 3510 1315 3553; x_wconf 68' lang='lat' dir='ltr'>rau</span> <span class='ocrx_word' id='word_1_214' title='bbox 1330 3510 1379 3553; x_wconf 70' lang='lat' dir='ltr'>unt</span> 
     </span>
    </p>
   </div>
   <div class='ocr_carea' id='block_1_6' title="bbox 143 3563 1378 3682">
    <p class='ocr_par' dir='ltr' id='par_1_6' title="bbox 143 3563 1378 3682">
     <span class='ocr_line' id='line_1_32' title="bbox 143 3563 1378 3682; baseline -0.002 -24"><span class='ocrx_word' id='word_1_215' title='bbox 143 3609 175 3658; x_wconf 86' lang='lat'>30</span> <span class='ocrx_word' id='word_1_216' title='bbox 185 3607 386 3680; x_wconf 83' lang='lat' dir='ltr'>potestates</span> <span class='ocrx_word' id='word_1_217' title='bbox 402 3599 461 3660; x_wconf 91' lang='lat' dir='ltr'>vel</span> <span class='ocrx_word' id='word_1_218' title='bbox 477 3597 649 3661; x_wconf 89' lang='lat' dir='ltr'>sciencias</span> <span class='ocrx_word' id='word_1_219' title='bbox 668 3598 757 3661; x_wconf 90' lang='lat' dir='ltr'>tales</span> <span class='ocrx_word' id='word_1_220' title='bbox 780 3599 938 3682; x_wconf 90' lang='lat' dir='ltr'>prelatus</span> <span class='ocrx_word' id='word_1_221' title='bbox 961 3597 1093 3676; x_wconf 91' lang='lat' dir='ltr'>habuit,</span> <span class='ocrx_word' id='word_1_222' title='bbox 1117 3605 1171 3660; x_wconf 89' lang='lat' dir='ltr'>tot</span> <span class='ocrx_word' id='word_1_223' title='bbox 1189 3563 1378 3658; x_wconf 45' lang='lat' dir='ltr'>‘&#39;tillim&#39;‘</span> 
     </span>
    </p>
   </div>
   <div class='ocr_carea' id='block_1_7' title="bbox 184 3667 1352 3994">
    <p class='ocr_par' dir='ltr' id='par_1_7' title="bbox 184 3667 1352 3994">
     <span class='ocr_line' id='line_1_33' title="bbox 185 3667 1352 3786; baseline -0.003 -20"><span class='ocrx_word' id='word_1_224' title='bbox 185 3705 303 3767; x_wconf 90' lang='lat' dir='ltr'>claves</span> <span class='ocrx_word' id='word_1_225' title='bbox 325 3705 441 3780; x_wconf 88' lang='lat' dir='ltr'>habet,</span> <span class='ocrx_word' id='word_1_226' title='bbox 467 3724 537 3786; x_wconf 90' lang='lat' dir='ltr'>que</span> <span class='ocrx_word' id='word_1_227' title='bbox 560 3723 683 3766; x_wconf 91' lang='lat' dir='ltr'>omnes</span> <span class='ocrx_word' id='word_1_228' title='bbox 707 3703 821 3766; x_wconf 91' lang='lat' dir='ltr'>solum</span> <span class='ocrx_word' id='word_1_229' title='bbox 837 3704 923 3765; x_wconf 87' lang='lat' dir='ltr'>duas</span> <span class='ocrx_word' id='word_1_230' title='bbox 943 3701 1170 3766; x_wconf 84' lang='lat' dir='ltr'>constituunt</span> <span class='ocrx_word' id='word_1_231' title='bbox 1213 3667 1352 3762; x_wconf 57' lang='lat' dir='ltr'>iliffilrinnd.</span> 
     </span>
     <span class='ocr_line' id='line_1_34' title="bbox 185 3807 1170 3890; baseline -0.001 -19"><span class='ocrx_word' id='word_1_232' title='bbox 185 3807 291 3889; x_wconf 82' lang='lat' dir='ltr'>Quod</span> <span class='ocrx_word' id='word_1_233' title='bbox 311 3817 426 3871; x_wconf 89' lang='lat' dir='ltr'>autern</span> <span class='ocrx_word' id='word_1_234' title='bbox 448 3809 566 3872; x_wconf 89' lang='lat' dir='ltr'>claves</span> <span class='ocrx_word' id='word_1_235' title='bbox 586 3807 655 3871; x_wconf 92' lang='lat' dir='ltr'>iste</span> <span class='ocrx_word' id='word_1_236' title='bbox 676 3807 927 3890; x_wconf 88' lang='lat' dir='ltr'>specificantur</span> <span class='ocrx_word' id='word_1_237' title='bbox 946 3808 991 3870; x_wconf 87' lang='lat' dir='ltr'>ad</span> <span class='ocrx_word' id='word_1_238' title='bbox 1007 3826 1170 3871; x_wconf 88' lang='lat' dir='ltr'>excomu-</span> 
     </span>
     <span class='ocr_line' id='line_1_35' title="bbox 184 3910 1173 3994; baseline -0.001 -20"><span class='ocrx_word' id='word_1_239' title='bbox 184 3911 385 3975; x_wconf 89' lang='lat' dir='ltr'>nicaciones</span> <span class='ocrx_word' id='word_1_240' title='bbox 410 3921 446 3976; x_wconf 95' lang='lat' dir='ltr'>et</span> <span class='ocrx_word' id='word_1_241' title='bbox 462 3911 719 3989; x_wconf 90' lang='lat' dir='ltr'>absoluciones,</span> <span class='ocrx_word' id='word_1_242' title='bbox 742 3912 843 3975; x_wconf 90' lang='lat' dir='ltr'>Deus</span> <span class='ocrx_word' id='word_1_243' title='bbox 858 3911 961 3976; x_wconf 91' lang='lat' dir='ltr'>huius</span> <span class='ocrx_word' id='word_1_244' title='bbox 980 3910 1091 3975; x_wconf 93' lang='lat' dir='ltr'>seculi</span> <span class='ocrx_word' id='word_1_245' title='bbox 1105 3930 1173 3994; x_wconf 88' lang='lat' dir='ltr'>per</span> 
     </span>
    </p>
   </div>
   <div class='ocr_carea' id='block_1_8' title="bbox 184 4014 1171 4098">
    <p class='ocr_par' dir='ltr' id='par_1_8' title="bbox 184 4014 1171 4098">
     <span class='ocr_line' id='line_1_36' title="bbox 184 4014 1171 4098; baseline 0.004 -20"><span class='ocrx_word' id='word_1_246' title='bbox 184 4015 312 4080; x_wconf 82' lang='lat' dir='ltr'>fastum</span> <span class='ocrx_word' id='word_1_247' title='bbox 336 4026 373 4079; x_wconf 92' lang='lat' dir='ltr'>et</span> <span class='ocrx_word' id='word_1_248' title='bbox 396 4017 579 4080; x_wconf 85' lang='lat' dir='ltr'>avariciam</span> <span class='ocrx_word' id='word_1_249' title='bbox 597 4017 754 4079; x_wconf 92' lang='lat' dir='ltr'>cecando</span> <span class='ocrx_word' id='word_1_250' title='bbox 771 4016 952 4098; x_wconf 89' lang='lat' dir='ltr'>simplices</span> <span class='ocrx_word' id='word_1_251' title='bbox 966 4014 1171 4082; x_wconf 82' lang='lat' dir='ltr'>introduxit</span> 
     </span>
    </p>
   </div>
   <div class='ocr_carea' id='block_1_9' title="bbox 184 4289 1169 4403">
    <p class='ocr_par' dir='ltr' id='par_1_9' title="bbox 184 4289 1169 4403">
     <span class='ocr_line' id='line_1_37' title="bbox 184 4289 1169 4402; baseline 0.004 -71"><span class='ocrx_word' id='word_1_252' title='bbox 184 4357 197 4402; x_wconf 84' lang='lat'>3</span> <span class='ocrx_word' id='word_1_253' title='bbox 238 4300 270 4400; x_wconf 59' lang='lat' dir='ltr'>pp.</span> <span class='ocrx_word' id='word_1_254' title='bbox 286 4301 333 4334; x_wconf 84' lang='lat' dir='ltr'>non</span> <span class='ocrx_word' id='word_1_255' title='bbox 341 4305 350 4341; x_wconf 88' lang='lat'>‚·</span> <span class='ocrx_word' id='word_1_256' title='bbox 364 4290 435 4334; x_wconf 80' lang='lat' dir='ltr'>adde:</span> <span class='ocrx_word' id='word_1_257' title='bbox 448 4301 543 4347; x_wconf 64' lang='lat' dir='ltr'>parum</span> <span class='ocrx_word' id='word_1_258' title='bbox 558 4289 588 4335; x_wconf 88' lang='lat' dir='ltr'>ib.</span> <span class='ocrx_word' id='word_1_259' title='bbox 604 4290 645 4334; x_wconf 80' lang='grc' dir='ltr'>ΑΒ</span> <span class='ocrx_word' id='word_1_260' title='bbox 655 4290 679 4334; x_wconf 87' lang='lat' dir='ltr'>iu</span> <span class='ocrx_word' id='word_1_261' title='bbox 690 4302 776 4346; x_wconf 53' lang='lat' dir='ltr'>marga</span> <span class='ocrx_word' id='word_1_262' title='bbox 794 4289 897 4335; x_wconf 77' lang='lat' dir='ltr'>Clavr&#39;um</span> <span class='ocrx_word' id='word_1_263' title='bbox 910 4291 994 4336; x_wconf 75' lang='lat' dir='ltr'>abusus</span> <span class='ocrx_word' id='word_1_264' title='bbox 1007 4293 1122 4349; x_wconf 79' lang='lat' dir='ltr'>quomodo</span> <span class='ocrx_word' id='word_1_265' title='bbox 1129 4291 1169 4347; x_wconf 78' lang='lat' dir='ltr'>fit.</span> 
     </span>
     <span class='ocr_line' id='line_1_38' title="bbox 201 4359 400 4403; baseline 0 -1"><span class='ocrx_word' id='word_1_266' title='bbox 201 4370 221 4402; x_wconf 67' lang='grc' dir='ltr'>π.</span> <span class='ocrx_word' id='word_1_267' title='bbox 262 4359 316 4402; x_wconf 81' lang='lat' dir='ltr'>:ad</span> <span class='ocrx_word' id='word_1_268' title='bbox 328 4359 400 4403; x_wconf 83' lang='lat' dir='ltr'>deest.</span> 
     </span>
    </p>
   </div>
   <div class='ocr_carea' id='block_1_10' title="bbox 0 0 1508 5026">
    <p class='ocr_par' dir='ltr' id='par_1_10' title="bbox 0 0 1508 5026">
     <span class='ocr_line' id='line_1_39' title="bbox 0 0 1508 5026; baseline 0 2"><span class='ocrx_word' id='word_1_269' title='bbox 0 0 1508 5026; x_wconf 95' lang='lat' dir='ltr'> </span> 
     </span>
    </p>
   </div>
  </div>
 </body>
</html>
