3008 5026
167 378 234 423 cae
251 367 302 448 u]
465 387 510 438 nr
528 386 741 439 eorssmre
759 387 858 440 rnna.

166 550 283 605 narrat
313 543 492 625 quomodo
517 545 559 605 ad
583 563 784 627 supremum
815 544 983 622 ordinem,
1016 545 1153 610 scilicet

167 646 417 730 episcopalem,
462 656 603 731 spectat
648 651 875 714 sacerdotum
913 650 1152 731 consecracio,

167 750 276 814 divini
291 752 440 836 ungenti
455 753 636 836 perfeccio
649 762 685 816 et
699 754 790 817 sacri
805 754 923 818 altaris
932 756 1154 825 benedicci0,

166 855 270 919 Unde
295 867 502 921 censeretur
522 858 627 921 hodie
649 858 794 922 insanus
818 859 879 943 qui
901 859 1036 924 diceret
1055 864 1152 945 quod

141 960 315 1043 squilibet
337 964 505 1026 sacerdos
527 964 636 1027 habet
658 972 875 1049 potestatem
899 965 1042 1029 ordines
1066 987 1151 1031 con·

164 1065 313 1144 ferendi,
340 1067 539 1150 baptizatos
569 1068 807 1147 confirmandi,
836 1070 1006 1135 ecclesias
1034 1080 1071 1134 et
1098 1091 1150 1135 or·

163 1180 326 1236 namenta
341 1174 572 1237 sacerdotalia
587 1174 826 1238 benedicendi
851 1185 888 1238 et
912 1174 963 1238 sic
984 1177 1029 1238 de
1044 1178 1151 1240 bene·

164 1275 385 1340 diceionibus
414 1279 628 1343 ornamentis
658 1287 695 1343 et
722 1279 798 1344 aliis
825 1278 963 1356 ritibus,
991 1299 1062 1362 que
1084 1300 1152 1365 per

164 1380 347 1463 sapientes
371 1389 409 1445 et
431 1392 574 1446 sanctos
596 1383 759 1467 antiquos
775 1383 972 1467 episcopali
988 1383 1150 1469 dignitati

123 1517 153 1551 ιο
165 1494 247 1549 sunt
268 1485 422 1568 propria.

207 1588 384 1670 Quantum
416 1591 460 1654 ad
492 1591 597 1670 istud,
629 1601 729 1675 patet
761 1613 808 1656 ex
831 1593 936 1658 dictis
968 1595 1149 1677 quomodo

161 1693 257 1758 licite
289 1706 444 1779 possunt
481 1696 555 1760 fieri
593 1705 631 1761 et
666 1697 762 1762 licite
800 1698 1024 1781 pretermitti.
1061 1698 1149 1762 Ideo

162 1799 352 1882 requiritur
373 1819 501 1883 magna
523 1801 718 1884 prudencia
741 1804 785 1866 ad
808 1802 1067 1885 acceptandum
1082 1802 1150 1866 ista

162 1902 198 1965 in
220 1923 286 1967 suo
310 1905 444 1971 ordine.
470 1904 620 1987 Quidam
645 1907 736 1970 enim
759 1916 887 1989 putant
910 1907 986 1971 sine
1000 1907 1149 1971 istorum

120 2017 460 2074 15sacramentorum
485 2018 522 2073 et
544 2012 769 2075 sacerdotum
797 2011 922 2076 ordine
945 2031 1017 2075 non
1039 2031 1149 2094 posse

161 2122 260 2176 recte
291 2113 389 2176 viare
421 2114 618 2191 ecclesiam,
656 2118 751 2179 unde
782 2124 918 2179 tantum
949 2117 1150 2199 ponderant

160 2219 223 2280 has
248 2217 466 2298 cerimonias,
495 2221 592 2303 quod
620 2219 860 2285 offendentem
892 2221 973 2304 plus
997 2219 1150 2302 puniunt

162 2343 266 2406 quarn
282 2323 343 2406 qui
352 2323 541 2388 infideliter
554 2323 590 2387 in
603 2324 747 2388 caritate
765 2324 914 2389 deficiat.
932 2324 1149 2388 Conceditur

160 2427 267 2512 igitur
290 2447 369 2491 cum
391 2431 498 2491 beato
522 2428 699 2511 Dyonisio
729 2431 824 2512 quod
849 2438 932 2494 sunt
962 2430 1053 2493 tales
1075 2437 1148 2493 tres

118 2557 151 2591 20
161 2532 305 2596 ordines
329 2534 563 2610 sacerdotum,
590 2553 669 2596 cum
692 2532 792 2596 iuxta
814 2536 997 2597 decretum
1020 2532 1148 2616 Cryso·

160 2637 265 2701 stomi
287 2638 441 2720 positum
466 2637 700 2701 distinccione
715 2637 784 2702 XL
806 2639 909 2703 Multi
930 2643 1009 2702 sunt
1030 2656 1147 2703 sacer-

160 2746 253 2807 dotes
275 2749 305 2807 et
324 2745 431 2825 pauci
452 2748 531 2807 sunt
554 2744 753 2810 sacerdotes.
791 2741 865 2806 Sed
891 2763 963 2806 non
991 2750 1147 2826 oportet,

161 2850 258 2931 quod
282 2849 449 2912 sacerdos
473 2867 519 2910 ex
543 2847 662 2929 gracia
677 2847 747 2910 Dei
769 2848 883 2911 factus
907 2847 1071 2931 superior
1094 2867 1147 2911 ac·

161 2952 269 3036 cipiat
285 2953 415 3016 exinde
430 2972 562 3015 novum
579 2951 857 3016 ecclesiasticum
879 2960 1147 3030 sacramentum,

117 3063 149 3113 25
161 3059 242 3120 dum
266 3077 337 3140 ego
362 3057 505 3120 omnino
529 3056 731 3120 omitterem
745 3056 877 3120 habere
905 3057 1147 3139 episcopalem

161 3162 481 3241 consecracionem,
505 3170 693 3244 antequam
715 3161 880 3244 accipere
903 3180 1147 3245 presumerent

159 3269 228 3331 hoc
267 3268 473 3351 episcopale
505 3266 748 3339 ministerium3
787 3275 844 3329 est
881 3266 973 3329 enim
1010 3274 1146 3349 preter·

159 3372 395 3436 necessarium
424 3379 461 3435 et
483 3370 743 3454 predicacione,
772 3370 936 3435 oracione
964 3390 1006 3434 ac
1028 3369 1147 3434 multis

160 3475 236 3539 aliis
269 3476 422 3539 cultibus
444 3474 515 3538 Dei
544 3474 702 3551 inferius,
733 3493 800 3536 nec
832 3494 903 3537 non
935 3475 980 3536 ad
1017 3475 1146 3539 multos

68 3584 132 3639 230¹
161 3582 275 3645 cultus
298 3581 368 3644 Dei
396 3601 467 3644 non
495 3589 565 3642 tam
586 3579 590 3661 Ι
610 3599 761 3643 necesse
794 3579 887 3642 sicut
913 3578 1070 3642 creditur
1091 3597 1143 3641 re·

160 3684 335 3768 quisitum.
359 3684 576 3748 Conceditur
593 3703 691 3767 ergo,
713 3683 811 3765 quod
826 3682 1048 3760 benedicci0,
1065 3701 1145 3745 con·

160 3789 316 3854 secracio
340 3799 378 3853 et
401 3789 467 3853 alia
488 3787 702 3852 ministracio
727 3786 942 3870 episcopalis
959 3795 1015 3851 est
1028 3787 1145 3851 lauda·

159 3895 240 3960 bilis
270 3896 338 3960 rite
369 3896 472 3960 facta
517 3894 590 3959 Sed
622 3913 733 3978 grave
765 3902 822 3958 est
863 3892 962 3976 quod
993 3890 1147 3957 ecclesia

213 4137 244 4180 18.
260 4135 349 4180 Codd.:
370 4138 412 4190 qui
424 4136 493 4180 dcent.
564 4132 597 4179 31.
626 4135 648 4177 Α
677 4133 701 4176 in
720 4144 807 4188 marga
827 4132 955 4188 Dionysius
972 4131 1079 4176 concedit
1096 4137 1146 4176 tres

160 4209 256 4251 ordines
270 4208 365 4251 ecclesie
383 4208 506 4250 secundum
521 4205 604 4263 officia
618 4204 747 4248 distinctos.

212 4346 254 4384 ιι.
273 4334 336 4399 Cap.
355 4332 408 4384 xli.

1190 1607 1243 1651 Too
1258 1608 1327 1653 much

1180 1668 1252 1703 strena
1267 1661 1287 1704 is
1302 1659 1347 1703 laid

1179 1725 1210 1756 on
1225 1712 1348 1756 differente

1199 1765 1222 1808 in
1237 1765 1328 1808 orders.
