3008 5026
184 393 247 456 ²70
724 392 895 443 Jouuuuts
914 391 1054 442 trucum
1251 375 1333 455 [cuo.
1350 386 1391 430 χι.

197 558 375 666 ⁵,¹,·,{³,“,⁰,‘¹,¹2,'⁵
399 549 647 630 episcoporum,
684 553 719 610 tu
751 549 847 611 heres
881 549 1126 628 apostotorum,
1163 553 1199 609 tu
1228 548 1392 627 primatu

399 652 491 730 Aba,
504 653 698 733 gubernatu
713 650 794 731 Noe,
806 653 1048 734 patriarchatu
1062 652 1251 723 Abraham,
1267 651 1393 713 ordine

399 755 648 834 Melchisedech,
672 756 838 835 dignitate
860 754 992 836 Aaron,
1019 756 1223 818 auctoritate
1245 755 1392 835 Moyses

400 857 715 940 indicatuSamnel,
730 864 892 940 potestate
907 859 1039 939 Petrus,
1055 860 1215 922 unccione
1226 855 1392 923 Christus.

400 962 446 1025 Et
469 962 643 1045 sequitur:
668 961 754 1026 Sunt
775 965 918 1043 quidam
946 969 976 1027 et
1003 964 1067 1026 atii
1089 963 1151 1026 'ccii
1174 963 1338 1027 ianitores
1362 967 1416 1026 eti

396 1080 543 1149 gregum
570 1073 740 1149 pastores,
770 1070 831 1131 sed
852 1073 888 1130 tu
919 1072 1013 1131 tanto
1033 1067 1231 1147 gloriosius,
1262 1072 1391 1145 quanto

401 1171 623 1253 differencius
638 1176 819 1250 utrumque
829 1189 895 1251 pre
911 1172 1030 1234 ceteris
1045 1188 1166 1234 nomen
1182 1171 1393 1249 hereditasti,

400 1274 520 1337 hahent
547 1274 600 1336 itti
625 1275 691 1337 sibi
712 1275 907 1355 assignatos
926 1286 1051 1355 greges
1071 1275 1202 1355 singuli
1226 1275 1393 1355 singulos,

401 1379 462 1440 tibi
484 1378 638 1441 universi
660 1378 789 1457 crediti,
814 1396 903 1441 unies
922 1376 926 1459 t
947 1380 1010 1440 uni
1028 1397 1089 1441 nec
1103 1379 1204 1441 modo
1220 1379 1392 1459 omnium,
1422 1384 1480 1436 228⁸

189 1491 228 1587 iii
241 1491 280 1586 diod
291 1483 461 1586 pgts-ffised
480 1487 661 1562 pastorum
685 1500 764 1544 cum
787 1500 877 1544 untes
899 1482 1056 1544 omnium
1075 1486 1208 1562 pastor.
1247 1481 1289 1544 In
1313 1481 1393 1546 istis
1408 1506 1437 1539 to

189 1555 386 1639 nmeptissuch·
401 1584 573 1647 tredecim
606 1594 644 1648 et
675 1585 750 1647 aliis
788 1585 1095 1667 descripcionibus
1132 1584 1226 1648 foret
1262 1588 1393 1649 beatus

402 1689 629 1751 Bernhardus
661 1689 770 1752 stulto
803 1688 959 1766 stulcior,
997 1688 1027 1751 si
1059 1688 1134 1752 sine
1165 1688 1394 1752 revelacione

402 1791 589 1855 diffinitive
611 1799 790 1854 assereret
812 1791 909 1874 quod
931 1810 1026 1874 papa
1052 1791 1121 1857 sibi
1144 1800 1393 1874 contempora·

402 1915 490 1958 neus
512 1893 713 1957 huiusmodi
736 1894 782 1958 sit
806 1896 851 1957 de
874 1894 982 1973 fact03
1006 1895 1072 1957 sed
1081 1894 1166 1976 ⁸talis
1182 1895 1292 1959 debet
1310 1914 1393 1960 esse

403 2019 450 2062 ex
472 1997 623 2061 veritate
646 1998 818 2081 assumpti
842 1998 1003 2074 nominis,
1032 1998 1123 2062 sicut
1150 2007 1250 2060 erant
1271 1998 1392 2082 alique
1408 2010 1435 2061 15

402 2121 555 2185 persone
589 2100 746 2164 eiusdem
779 2101 940 2178 nominis,
980 2122 1058 2164 cum
1081 2103 1320 2184 prophetetur
1351 2123 1393 2167 se

403 2225 530 2288 gerere
563 2225 752 2288 personam
778 2205 907 2269 Christi
939 2206 976 2268 in
1003 2205 1116 2282 terris,
1150 2205 1281 2290 inquo
1307 2226 1393 2269 con·

403 2318 597 2392 gregantur
634 2309 787 2372 omnium
830 2319 1030 2372 sanctorum
1069 2317 1207 2392 patrum
1249 2311 1393 2373 laudum

403 2412 585 2496 principia,
609 2413 704 2495 quod
727 2412 758 2475 si
780 2413 948 2476 mentitur
972 2433 1018 2475 ex
1042 2413 1251 2496 obliquitate
1266 2414 1341 2477 vite
1358 2414 1394 2476 in

402 2517 558 2581 nomine:
586 2517 643 2579 Ve
670 2517 832 2580 mendaci
856 2517 907 2579 illi
936 2536 1013 2579 cum
1041 2517 1114 2581 suis
1147 2517 1441 2599 complicibus.2o

206 2631 287 2674 Christ
302 2631 321 2673 is
336 2630 373 2673 the
447 2622 504 2683 Ex
519 2620 597 2684 istis
613 2621 742 2703 colligo
753 2621 876 2696 tercio,
893 2621 1126 2684 concedendo
1138 2624 1235 2702 quod
1246 2630 1396 2704 oportet

189 2684 392 2779 noelgfhfeirs'tissi'ld
403 2725 439 2789 in
456 2724 580 2788 ordine
604 2723 819 2787 sacerdotali
834 2732 904 2787 tam
922 2724 1040 2806 quoad
1056 2733 1272 2806 potestatem
1289 2746 1395 2807 quam

232 2787 352 2884 cuppane
404 2827 635 2891 ministerium
660 2847 741 2891 esse
764 2831 906 2910 gradus,
930 2837 969 2889 ut
991 2828 1166 2910 prepositi
1190 2828 1394 2905 innitantur,

405 2932 484 3014 quis
507 2931 679 3013 paracius,
706 2931 871 2993 humilius
895 2940 954 2993 aut
976 2931 1193 2995 fructuosius
1219 2932 1397 2997 ministret

406 3035 568 3111 ecclesie,
602 3044 638 3097 et
670 3034 721 3098 sic
755 3034 963 3097 conceditur
994 3036 1092 3117 quod
1123 3035 1215 3098 sicut
1241 3035 1277 3098 in
1309 3038 1439 3119 lege25

408 3138 519 3201 veteri
555 3138 745 3218 figuratum
784 3147 840 3200 est
877 3146 947 3201 tam
985 3158 1052 3220 per
1089 3139 1244 3220 Moysen
1289 3160 1395 3221 quam

405 3246 528 3305 Aaron
562 3251 598 3303 et
631 3250 770 3305 ceteros
803 3242 1048 3320 succedentes,
1080 3250 1226 3325 oportet
1255 3263 1336 3306 esse
1359 3243 1397 3306 in

405 3347 488 3430 lege
520 3363 615 3408 nova
649 3365 755 3407 unum
794 3345 947 3408 omnium
985 3345 1131 3409 aliorum
1169 3347 1396 3409 sacerdotum

406 3449 605 3531 principem
634 3448 813 3511 dominum
841 3448 983 3511 Ihesum
1012 3448 1199 3525 Christum,
1232 3449 1291 3531 qui
1324 3470 1398 3512 non

406 3562 532 3635 posset
563 3552 748 3634 patencius
777 3554 970 3616 ostendere
998 3573 1096 3616 suam
1123 3553 1311 3615 stulticiam
1335 3563 1398 3616 aut
1410 3571 1444 3620 30

406 3656 509 3718 huius
533 3656 713 3738 dignitatis
738 3657 931 3719 carenciam
957 3678 1059 3740 quam
1076 3658 1333 3740 promulgando
1349 3659 1397 3722 de

409 3781 448 3823 se
464 3759 544 3841 ipso
559 3759 595 3822 in
611 3762 743 3842 populo
759 3761 845 3823 illud
861 3780 1004 3834 nomem
1027 3761 1112 3824 licet
1129 3761 1221 3823 enim
1234 3760 1398 3825 Christus

409 3882 495 3945 sepe
530 3863 708 3946 expressit
741 3873 778 3926 et
809 3863 932 3946 sepius
954 3864 1064 3927 tacuit
1087 3863 1261 3945 unigeniti
1284 3865 1399 3947 digni·

408 3975 530 4043 tatem,
563 3967 630 4029 alia
652 3976 769 4030 tamen
792 3968 887 4030 racio
912 3970 1037 4030 subest
1058 3967 1094 4030 in
1118 3967 1203 4044 aliis,
1236 3987 1315 4031 cum
1339 3990 1399 4032 ne·

410 4090 512 4135 cesse
544 4070 611 4133 fuit
641 4071 732 4134 illam
760 4072 865 4134 fidem
893 4074 939 4135 de
964 4071 1104 4135 Christo
1133 4072 1318 4154 detegere.
1357 4073 1443 4147 In35

409 4174 514 4238 nobis
543 4184 658 4238 autem
687 4184 833 4258 oportet
861 4195 938 4238 cum
972 4174 1098 4238 timore
1121 4195 1267 4258 sperare
1299 4179 1400 4259 quod

411 4278 539 4341 erimus
557 4277 686 4342 Christi
701 4281 868 4355 membre,
893 4281 990 4360 quod
1006 4288 1062 4341 est
1077 4280 1183 4343 valde
1200 4280 1402 4346 continens.
