3008 5026
193 377 261 422 cur.
281 362 345 450 xu]
492 384 537 435 nc
557 383 769 437 porrsrsnr
789 383 886 435 nnnc.

191 544 221 604 et
232 540 286 603 vir
296 542 431 604 mechus
441 544 610 606 tenendus.
625 540 665 606 Si
674 544 750 623 quis
765 544 938 606 meretrici
951 545 1181 628 coniungitur,

191 665 301 710 unum
330 665 455 729 corpus
487 647 645 731 efficitur,
678 651 786 731 igitur
817 668 880 730 que
906 651 1089 713 scortatori
1112 651 1181 713 im-

187 770 343 833 puroque
370 754 531 832 sociatur,
564 771 672 815 trierem
705 772 783 816 cum
816 772 852 816 eo
876 772 1001 836 corpus
1024 754 1182 835 efficitur.

191 856 277 936 Alie,
301 856 425 939 inquit,
445 862 524 920 stent
543 859 632 938 leges
647 876 816 937 cesarum,
836 859 904 921 alie
924 857 1023 921 Ileesu
1046 857 1182 934 Ctrristi,

167 962 290 1024 ialiud
321 961 550 1043 Papinianus,
589 962 689 1024 aliecd
719 960 852 1024 Paulus
883 966 998 1026 noster
1025 963 1182 1045 precipit.

191 1066 297 1148 Apud
320 1067 397 1129 illos
418 1067 505 1129 viris
527 1066 732 1146 inpudicicia
745 1066 855 1147 frena
871 1069 1044 1147 laxantur,
1067 1071 1097 1130 et
1112 1068 1182 1131 soto

191 1175 310 1251 stupro
343 1176 441 1251 utque
471 1171 641 1234 adulterio
673 1173 929 1254 condempnata,
956 1172 1094 1254 passim
1117 1190 1185 1253 per

192 1277 383 1357 lupanaria
399 1280 498 1356 atquc
513 1276 695 1340 ancillulas
713 1277 817 1340 libido
837 1278 1060 1358 permittitur,
1084 1276 1184 1357 quasi

192 1383 331 1462 culpam
361 1381 513 1462 dignitas
535 1380 662 1465 faciat,
695 1401 761 1446 uon
794 1385 963 1465 voluptas;
997 1383 1092 1464 apud
1123 1401 1184 1445 nos

151 1486 282 1566 ¹0quod
305 1504 371 1548 nou
394 1487 469 1549 licet
482 1487 640 1567 feminis,
664 1506 744 1568 eque
764 1506 831 1551 nou
854 1489 929 1550 licet
952 1488 1046 1551 viris.
1070 1485 1184 1571 Igitur

193 1590 228 1653 in
244 1591 326 1672 lege
344 1588 474 1654 Christi
491 1599 637 1673 oportet
658 1591 800 1655 fidelem
820 1592 1016 1674 quiescere,
1041 1601 1077 1654 et
1101 1590 1184 1653 alias

193 1694 305 1776 leges,
329 1693 396 1756 nisi
420 1693 465 1756 de
481 1703 615 1778 quanto
633 1705 828 1759 consonant
847 1695 922 1778 legi
938 1695 1077 1773 Christi,
1102 1714 1183 1757 con-

194 1808 391 1881 tempnere,
430 1800 527 1882 quod
560 1818 649 1882 sepe
681 1808 828 1882 oportet
865 1800 910 1862 de
943 1808 1071 1863 vocata
1101 1800 1184 1881 lege

195 1902 358 1966 ecclesio.
397 1902 502 1966 Unde
535 1904 661 1967 beatus
685 1903 912 1967 Bernhardus
944 1903 1036 1966 libro
1069 1903 1183 1986 primo

157 2011 166 2033 ⁰
195 2007 238 2069 ad
258 2006 263 2091 Ι
282 2006 483 2089 Eugenium
507 2006 558 2071 sic
582 2006 722 2071 effatur:
751 2009 842 2090 Quid
856 2010 1014 2072 servilius
1030 2009 1183 2088 indigni-

195 2130 298 2192 usque
324 2113 510 2194 presertim
532 2131 669 2176 summo
688 2114 856 2195 pontifici,
887 2132 987 2194 quem
1016 2131 1081 2175 non
1110 2111 1185 2175 dico

196 2219 291 2281 omni
321 2219 386 2296 dic,
419 2219 477 2280 sed
503 2236 590 2299 pene
622 2219 717 2281 omui
747 2219 834 2282 horo
866 2219 1032 2282 insudare
1059 2217 1186 2280 talibus

196 2323 295 2385 rebus
310 2327 339 2385 et
350 2340 418 2403 pro
432 2323 566 2385 talibus.
583 2322 714 2386 Deinde
727 2323 863 2403 qnando
880 2341 1034 2403 oramus,
1050 2322 1185 2402 qnando

195 2428 353 2489 docemus
385 2427 544 2508 populos,
586 2428 723 2508 quaudo
761 2428 963 2507 edificemus
1000 2427 1185 2507 ecclesiam,

151 2530 331 2610 20qnaudo
364 2531 575 2594 meditamur
606 2531 641 2593 in
673 2531 767 2611 lege?
814 2530 856 2594 Et
887 2531 1024 2612 quidem
1054 2529 1188 2592 cottidie

193 2638 412 2715 perstrepunt
442 2635 478 2696 in
506 2634 658 2715 pallacio
691 2636 789 2716 leges,
820 2636 879 2697 sed
901 2630 1089 2697 Iustiniani
1118 2651 1186 2695 uou

196 2737 347 2802 Domini.
373 2736 413 2801 Si
434 2740 562 2801 iustum
580 2739 680 2817 istud,
703 2744 738 2800 tu
763 2733 899 2817 videris,
924 2757 1006 2800 nam
1028 2742 1114 2800 certe
1136 2737 1188 2799 lex

196 2841 339 2905 Domini
354 2844 581 2906 immaculata
604 2848 797 2906 convertens
812 2844 960 2906 animos.
984 2840 1057 2904 Hec
1072 2845 1186 2903 autem

197 2967 264 3010 non
287 2953 360 3011 tom
383 2949 474 3029 leges
495 2966 600 3028 quam
623 2948 698 3011 lites
712 2953 792 3010 sunt
808 2952 837 3009 et
853 2946 1091 3011 cavillacioues
1105 2944 1185 3007 snb-

153 3058 356 3122 25vertentes
388 3053 565 3116 iudicium.
608 3051 634 3114 Τ
633 3071 655 3114 u
686 3053 794 3133 igitur
811 3057 935 3134 pastor
957 3056 987 3113 et
1010 3050 1188 3131 episcopus

196 3158 411 3236 animarum,
438 3176 507 3240 qua
535 3162 644 3220 meutc
671 3158 804 3220 obsecro
831 3157 977 3219 sustines
1004 3173 1124 3217 coram
1146 3159 1187 3230 te,

196 3283 331 3345 semper
353 3264 453 3326 silere
476 3263 586 3343 illam,
606 3264 751 3344 garrire
774 3262 883 3325 istos?
915 3259 1042 3338 Fallor,
1065 3260 1097 3321 si
1120 3277 1187 3320 nou

197 3373 306 3432 movet
336 3368 397 3430 tibi
426 3368 630 3448 scrupulum
654 3368 866 3448 perversitas
887 3367 954 3444 trec,
982 3367 1068 3446 puto
1099 3363 1188 3444 quod

198 3475 370 3536 interdum
398 3472 578 3552 compellat
606 3476 637 3534 te
667 3472 799 3534 clamor
821 3472 868 3533 ad
891 3469 1081 3533 Dominum
1108 3486 1186 3530 cnm

154 3579 376 3660 sopropmta:
406 3575 649 3639 Nurraveruut
677 3575 781 3639 michi
807 3575 914 3655 iniqui
937 3573 1186 3654 sabulacioues,

196 3684 257 3746 sed
278 3700 345 3745 nou
368 3686 405 3745 ut
427 3681 480 3745 len
501 3686 570 3744 tua.

253 3987 270 4019 t.
289 3974 311 4017 Α
331 3974 354 4018 in
375 3985 460 4028 marga
481 3973 517 4016 De
534 3972 683 4022 meretricio,·
706 3970 762 4013 Bin
778 3980 864 4022 muru:
884 3965 1058 4010 lteretrtcacio.
1119 3975 1141 4007 2.
1158 3962 1187 4007 n:

198 4045 275 4102 igitur
288 4044 359 4088 deest.
417 4056 438 4096 2,
454 4041 474 4087 3.
491 4042 580 4087 eote:
599 4040 729 4084 scortatori
746 4038 875 4094 imponitur
892 4036 1003 4079 sociatur.
1057 4033 1078 4077 (t.
1098 4031 1187 4076 Codu:

198 4115 222 4157 iu
241 4114 299 4156 viris
314 4113 437 4168 pudicicie.
495 4124 529 4156 12.
545 4111 574 4155 B:
594 4113 724 4153 consonant
742 4108 815 4151 deest.
871 4104 905 4149 15.
927 4104 944 4148 B
963 4104 986 4147 in
1007 4114 1093 4157 marga
1112 4099 1188 4156 Leges

199 4185 300 4227 inritare
312 4195 385 4239 supro
398 4184 474 4239 legem
490 4181 579 4226 Cttristi
591 4182 705 4236 garriunt
718 4184 774 4222 onte
784 4188 878 4233 popam.
934 4173 967 4219 18.
983 4174 1011 4217 B:
1027 4176 1049 4216 et
1063 4172 1134 4215 deest.

256 4343 293 4390 ¹4·
313 4327 377 4392 Cep.
396 4328 438 4378 lV.
458 4326 528 4391 Opp.
548 4324 644 4389 1,732.
