<?xml version="1.0" encoding="UTF-8"?>
<!DOCTYPE html PUBLIC "-//W3C//DTD XHTML 1.0 Transitional//EN"
    "http://www.w3.org/TR/xhtml1/DTD/xhtml1-transitional.dtd">
<html xmlns="http://www.w3.org/1999/xhtml" xml:lang="en" lang="en">
 <head>
  <title>
</title>
<meta http-equiv="Content-Type" content="text/html;charset=utf-8" />
  <meta name='ocr-system' content='tesseract 3.04.00' />
  <meta name='ocr-capabilities' content='ocr_page ocr_carea ocr_par ocr_line ocrx_word'/>
</head>
<body>
  <div class='ocr_page' id='page_1' title='image "./johanniswyclift00mattgoog_0270.png"; bbox 0 0 3008 5026; ppageno 0'>
   <div class='ocr_carea' id='block_1_1' title="bbox 162 379 851 468">
    <p class='ocr_par' dir='ltr' id='par_1_1' title="bbox 162 379 851 468">
     <span class='ocr_line' id='line_1_1' title="bbox 162 379 851 468; baseline 0.016 -29"><span class='ocrx_word' id='word_1_1' title='bbox 162 395 230 440; x_wconf 69' lang='lat' dir='ltr'><strong>cir.</strong></span> <span class='ocrx_word' id='word_1_2' title='bbox 243 379 294 468; x_wconf 74' lang='grc' dir='ltr'>ιιι]</span> <span class='ocrx_word' id='word_1_3' title='bbox 454 400 499 449; x_wconf 77' lang='lat' dir='ltr'><strong>ns</strong></span> <span class='ocrx_word' id='word_1_4' title='bbox 518 391 730 449; x_wconf 74' lang='lat' dir='ltr'><strong>rorasrars</strong></span> <span class='ocrx_word' id='word_1_5' title='bbox 749 397 851 450; x_wconf 72' lang='lat' dir='ltr'><strong>rnre.</strong></span> 
     </span>
    </p>
   </div>
   <div class='ocr_carea' id='block_1_2' title="bbox 143 553 1341 1365">
    <p class='ocr_par' dir='ltr' id='par_1_2' title="bbox 143 553 1341 1365">
     <span class='ocr_line' id='line_1_2' title="bbox 162 553 1152 639; baseline 0.001 -20"><span class='ocrx_word' id='word_1_6' title='bbox 162 558 290 620; x_wconf 91' lang='lat' dir='ltr'><strong>hibens</strong></span> <span class='ocrx_word' id='word_1_7' title='bbox 317 557 399 639; x_wconf 93' lang='lat' dir='ltr'><strong>plus</strong></span> <span class='ocrx_word' id='word_1_8' title='bbox 428 554 584 619; x_wconf 89' lang='lat' dir='ltr'><strong>offendit.</strong></span> <span class='ocrx_word' id='word_1_9' title='bbox 623 553 700 618; x_wconf 89' lang='lat' dir='ltr'><strong>Nec</strong></span> <span class='ocrx_word' id='word_1_10' title='bbox 729 564 785 618; x_wconf 92' lang='lat' dir='ltr'><strong>est</strong></span> <span class='ocrx_word' id='word_1_11' title='bbox 811 554 891 619; x_wconf 90' lang='lat' dir='ltr'><strong>talis</strong></span> <span class='ocrx_word' id='word_1_12' title='bbox 923 556 1152 621; x_wconf 88' lang='lat' dir='ltr'><strong>tumorositas</strong></span> 
     </span>
     <span class='ocr_line' id='line_1_3' title="bbox 165 659 1153 744; baseline 0.002 -21"><span class='ocrx_word' id='word_1_13' title='bbox 165 681 250 725; x_wconf 90' lang='lat' dir='ltr'><strong>vera</strong></span> <span class='ocrx_word' id='word_1_14' title='bbox 277 660 496 744; x_wconf 89' lang='lat' dir='ltr'><strong>magnitud0,</strong></span> <span class='ocrx_word' id='word_1_15' title='bbox 525 660 590 722; x_wconf 91' lang='lat' dir='ltr'><strong>sed</strong></span> <span class='ocrx_word' id='word_1_16' title='bbox 617 659 822 723; x_wconf 83' lang='lat' dir='ltr'><strong>innaturalis</strong></span> <span class='ocrx_word' id='word_1_17' title='bbox 848 662 1024 724; x_wconf 89' lang='lat' dir='ltr'><strong>mundana</strong></span> <span class='ocrx_word' id='word_1_18' title='bbox 1048 682 1153 744; x_wconf 93' lang='lat' dir='ltr'><strong>aquo·</strong></span> 
     </span>
     <span class='ocr_line' id='line_1_4' title="bbox 165 763 1155 848; baseline 0.001 -20"><span class='ocrx_word' id='word_1_19' title='bbox 165 766 261 842; x_wconf 92' lang='lat' dir='ltr'><strong>sitas,</strong></span> <span class='ocrx_word' id='word_1_20' title='bbox 287 784 356 848; x_wconf 92' lang='lat' dir='ltr'><strong>que</strong></span> <span class='ocrx_word' id='word_1_21' title='bbox 379 772 559 847; x_wconf 84' lang='lat' dir='ltr'>repugnat</span> <span class='ocrx_word' id='word_1_22' title='bbox 583 763 725 826; x_wconf 92' lang='lat' dir='ltr'><strong>omnino</strong></span> <span class='ocrx_word' id='word_1_23' title='bbox 750 763 879 828; x_wconf 88' lang='lat' dir='ltr'>Christi</span> <span class='ocrx_word' id='word_1_24' title='bbox 902 765 1046 843; x_wconf 90' lang='lat' dir='ltr'><strong>vicari0,</strong></span> <span class='ocrx_word' id='word_1_25' title='bbox 1072 766 1155 848; x_wconf 92' lang='lat' dir='ltr'><strong>quia</strong></span> 
     </span>
     <span class='ocr_line' id='line_1_5' title="bbox 166 868 1156 935; baseline 0.004 -4"><span class='ocrx_word' id='word_1_26' title='bbox 166 869 267 932; x_wconf 88' lang='lat' dir='ltr'><strong>aliter</strong></span> <span class='ocrx_word' id='word_1_27' title='bbox 296 880 352 932; x_wconf 89' lang='lat' dir='ltr'><strong>est</strong></span> <span class='ocrx_word' id='word_1_28' title='bbox 378 868 669 931; x_wconf 88' lang='lat' dir='ltr'><strong>mendacissimus</strong></span> <span class='ocrx_word' id='word_1_29' title='bbox 696 868 949 933; x_wconf 86' lang='lat' dir='ltr'><strong>Antichristus.</strong></span> <span class='ocrx_word' id='word_1_30' title='bbox 989 871 1035 933; x_wconf 90' lang='lat' dir='ltr'><strong>Et</strong></span> <span class='ocrx_word' id='word_1_31' title='bbox 1063 871 1156 935; x_wconf 88' lang='lat' dir='ltr'><strong>sicut</strong></span> 
     </span>
     <span class='ocr_line' id='line_1_6' title="bbox 143 972 1156 1057; baseline 0.005 -22"><span class='ocrx_word' id='word_1_32' title='bbox 143 974 295 1038; x_wconf 65' lang='lat' dir='ltr'><strong>§dicitur</strong></span> <span class='ocrx_word' id='word_1_33' title='bbox 316 973 487 1053; x_wconf 90' lang='lat' dir='ltr'><strong>Johannis</strong></span> <span class='ocrx_word' id='word_1_34' title='bbox 510 972 612 1049; x_wconf 88' lang='lat' dir='ltr'><strong>XIV,</strong></span> <span class='ocrx_word' id='word_1_35' title='bbox 638 977 670 1035; x_wconf 87' lang='lat'><strong>6:</strong></span> <span class='ocrx_word' id='word_1_36' title='bbox 694 972 821 1036; x_wconf 85' lang='lat' dir='ltr'><strong>Viator</strong></span> <span class='ocrx_word' id='word_1_37' title='bbox 843 975 962 1051; x_wconf 91' lang='lat' dir='ltr'><strong>habet,</strong></span> <span class='ocrx_word' id='word_1_38' title='bbox 987 995 1056 1057; x_wconf 91' lang='lat' dir='ltr'><strong>qua</strong></span> <span class='ocrx_word' id='word_1_39' title='bbox 1079 977 1156 1040; x_wconf 92' lang='lat' dir='ltr'><strong>vult</strong></span> 
     </span>
     <span class='ocr_line' id='line_1_7' title="bbox 166 1077 1156 1160; baseline 0.002 -18"><span class='ocrx_word' id='word_1_40' title='bbox 166 1079 228 1155; x_wconf 88' lang='lat' dir='ltr'><strong>ire,</strong></span> <span class='ocrx_word' id='word_1_41' title='bbox 257 1099 336 1142; x_wconf 93' lang='lat' dir='ltr'><strong>cum</strong></span> <span class='ocrx_word' id='word_1_42' title='bbox 360 1077 522 1142; x_wconf 88' lang='lat' dir='ltr'><strong>Christus</strong></span> <span class='ocrx_word' id='word_1_43' title='bbox 546 1086 602 1141; x_wconf 90' lang='lat' dir='ltr'><strong>est</strong></span> <span class='ocrx_word' id='word_1_44' title='bbox 624 1079 691 1153; x_wconf 86' lang='lat' dir='ltr'><strong>via,</strong></span> <span class='ocrx_word' id='word_1_45' title='bbox 715 1098 786 1160; x_wconf 93' lang='lat' dir='ltr'><strong>quo</strong></span> <span class='ocrx_word' id='word_1_46' title='bbox 809 1080 886 1142; x_wconf 89' lang='lat' dir='ltr'><strong>vult</strong></span> <span class='ocrx_word' id='word_1_47' title='bbox 908 1079 971 1156; x_wconf 92' lang='lat' dir='ltr'><strong>ire,</strong></span> <span class='ocrx_word' id='word_1_48' title='bbox 996 1079 1156 1144; x_wconf 90' lang='lat' dir='ltr'><strong>Christus</strong></span> 
     </span>
     <span class='ocr_line' id='line_1_8' title="bbox 168 1182 1157 1260; baseline 0.003 -14"><span class='ocrx_word' id='word_1_49' title='bbox 168 1194 223 1248; x_wconf 90' lang='lat' dir='ltr'><strong>est</strong></span> <span class='ocrx_word' id='word_1_50' title='bbox 246 1186 374 1247; x_wconf 81' lang='lat' dir='ltr'><strong>veritas</strong></span> <span class='ocrx_word' id='word_1_51' title='bbox 390 1192 426 1247; x_wconf 92' lang='lat' dir='ltr'><strong>et</strong></span> <span class='ocrx_word' id='word_1_52' title='bbox 442 1182 503 1246; x_wconf 92' lang='lat' dir='ltr'><strong>ubi</strong></span> <span class='ocrx_word' id='word_1_53' title='bbox 519 1184 597 1245; x_wconf 90' lang='lat' dir='ltr'><strong>vult</strong></span> <span class='ocrx_word' id='word_1_54' title='bbox 612 1202 763 1260; x_wconf 90' lang='lat' dir='ltr'><strong>manere,</strong></span> <span class='ocrx_word' id='word_1_55' title='bbox 780 1182 941 1246; x_wconf 89' lang='lat' dir='ltr'><strong>Christus</strong></span> <span class='ocrx_word' id='word_1_56' title='bbox 958 1193 1014 1248; x_wconf 90' lang='lat' dir='ltr'><strong>est</strong></span> <span class='ocrx_word' id='word_1_57' title='bbox 1030 1185 1157 1251; x_wconf 90' lang='lat' dir='ltr'><strong>cursiv.</strong></span> 
     </span>
     <span class='ocr_line' id='line_1_9' title="bbox 170 1286 1341 1365; baseline 0 -14"><span class='ocrx_word' id='word_1_58' title='bbox 170 1287 338 1365; x_wconf 89' lang='lat' dir='ltr'><strong>Quamvis</strong></span> <span class='ocrx_word' id='word_1_59' title='bbox 362 1297 478 1352; x_wconf 87' lang='lat' dir='ltr'><strong>autem</strong></span> <span class='ocrx_word' id='word_1_60' title='bbox 500 1288 537 1351; x_wconf 91' lang='lat' dir='ltr'><strong>in</strong></span> <span class='ocrx_word' id='word_1_61' title='bbox 561 1286 618 1350; x_wconf 89' lang='lat' dir='ltr'><strong>via</strong></span> <span class='ocrx_word' id='word_1_62' title='bbox 640 1307 713 1350; x_wconf 89' lang='lat' dir='ltr'><strong>non</strong></span> <span class='ocrx_word' id='word_1_63' title='bbox 736 1296 819 1351; x_wconf 88' lang='lat' dir='ltr'><strong>sunt</strong></span> <span class='ocrx_word' id='word_1_64' title='bbox 842 1288 979 1365; x_wconf 89' lang='lat' dir='ltr'><strong>insidie,</strong></span> <span class='ocrx_word' id='word_1_65' title='bbox 1009 1310 1087 1353; x_wconf 90' lang='lat' dir='ltr'><strong>cum</strong></span> <span class='ocrx_word' id='word_1_66' title='bbox 1111 1290 1156 1354; x_wconf 93' lang='lat' dir='ltr'><strong>sit</strong></span> <span class='ocrx_word' id='word_1_67' title='bbox 1197 1307 1249 1352; x_wconf 75' lang='lat' dir='ltr'><strong>Tne</strong></span> <span class='ocrx_word' id='word_1_68' title='bbox 1265 1307 1341 1361; x_wconf 68' lang='lat' dir='ltr'><strong>prona</strong></span> 
     </span>
    </p>
   </div>
   <div class='ocr_carea' id='block_1_3' title="bbox 169 1361 1353 1475">
    <p class='ocr_par' dir='ltr' id='par_1_3' title="bbox 169 1361 1353 1475">
     <span class='ocr_line' id='line_1_10' title="bbox 169 1361 1353 1475; baseline 0 -19"><span class='ocrx_word' id='word_1_69' title='bbox 169 1392 339 1467; x_wconf 90' lang='lat' dir='ltr'><strong>Christus,</strong></span> <span class='ocrx_word' id='word_1_70' title='bbox 368 1400 484 1455; x_wconf 90' lang='lat' dir='ltr'><strong>tamen</strong></span> <span class='ocrx_word' id='word_1_71' title='bbox 512 1391 612 1455; x_wconf 85' lang='lat' dir='ltr'><strong>iuxta</strong></span> <span class='ocrx_word' id='word_1_72' title='bbox 634 1392 726 1455; x_wconf 93' lang='lat' dir='ltr'><strong>illam</strong></span> <span class='ocrx_word' id='word_1_73' title='bbox 751 1402 833 1456; x_wconf 92' lang='lat' dir='ltr'><strong>sunt</strong></span> <span class='ocrx_word' id='word_1_74' title='bbox 859 1395 967 1456; x_wconf 90' lang='lat' dir='ltr'><strong>multa</strong></span> <span class='ocrx_word' id='word_1_75' title='bbox 990 1394 1156 1475; x_wconf 89' lang='lat' dir='ltr'><strong>pericula,</strong></span> <span class='ocrx_word' id='word_1_76' title='bbox 1193 1361 1353 1456; x_wconf 45' lang='lat' dir='ltr'><strong>ilidii?</strong></span> 
     </span>
    </p>
   </div>
   <div class='ocr_carea' id='block_1_4' title="bbox 82 1464 1367 3781">
    <p class='ocr_par' dir='ltr' id='par_1_4' title="bbox 82 1464 1367 3781">
     <span class='ocr_line' id='line_1_11' title="bbox 129 1464 1367 1574; baseline 0.002 -14"><span class='ocrx_word' id='word_1_77' title='bbox 129 1498 266 1561; x_wconf 85' lang='lat' dir='ltr'><strong>10iuxta</strong></span> <span class='ocrx_word' id='word_1_78' title='bbox 289 1497 377 1560; x_wconf 93' lang='lat' dir='ltr'><strong>illud</strong></span> <span class='ocrx_word' id='word_1_79' title='bbox 399 1496 530 1560; x_wconf 84' lang='lat' dir='ltr'><strong>Psalmi</strong></span> <span class='ocrx_word' id='word_1_80' title='bbox 548 1496 763 1574; x_wconf 85' lang='lat' dir='ltr'>CXXXIX,</span> <span class='ocrx_word' id='word_1_81' title='bbox 788 1503 821 1560; x_wconf 85' lang='lat'><strong>6:</strong></span> <span class='ocrx_word' id='word_1_82' title='bbox 845 1498 945 1562; x_wconf 82' lang='lat' dir='ltr'><strong>quta</strong></span> <span class='ocrx_word' id='word_1_83' title='bbox 969 1502 1034 1563; x_wconf 83' lang='lat' dir='ltr'><strong>iter</strong></span> <span class='ocrx_word' id='word_1_84' title='bbox 1055 1519 1156 1563; x_wconf 83' lang='lat' dir='ltr'><strong>scan—</strong></span> <span class='ocrx_word' id='word_1_85' title='bbox 1169 1465 1244 1509; x_wconf 58' lang='lat' dir='ltr'>wmch</span> <span class='ocrx_word' id='word_1_86' title='bbox 1259 1464 1367 1511; x_wconf 26' lang='lat' dir='ltr'><strong>“cm-¹⁸¹</strong></span> 
     </span>
     <span class='ocr_line' id='line_1_12' title="bbox 169 1601 1157 1684; baseline 0.002 -19"><span class='ocrx_word' id='word_1_87' title='bbox 169 1605 289 1666; x_wconf 82' lang='lat' dir='ltr'><strong>dolum</strong></span> <span class='ocrx_word' id='word_1_88' title='bbox 302 1608 492 1684; x_wconf 81' lang='lat' dir='ltr'><strong>posuerunt</strong></span> <span class='ocrx_word' id='word_1_89' title='bbox 512 1603 624 1666; x_wconf 79' lang='lat' dir='ltr'><strong>michi.</strong></span> <span class='ocrx_word' id='word_1_90' title='bbox 647 1601 712 1664; x_wconf 94' lang='lat' dir='ltr'><strong>Vis</strong></span> <span class='ocrx_word' id='word_1_91' title='bbox 730 1622 856 1665; x_wconf 90' lang='lat' dir='ltr'><strong>secure</strong></span> <span class='ocrx_word' id='word_1_92' title='bbox 872 1603 1051 1679; x_wconf 80' lang='lat' dir='ltr'><strong>incedere,</strong></span> <span class='ocrx_word' id='word_1_93' title='bbox 1074 1612 1157 1667; x_wconf 90' lang='lat' dir='ltr'><strong>tene</strong></span> 
     </span>
     <span class='ocr_line' id='line_1_13' title="bbox 171 1705 1158 1788; baseline 0 -18"><span class='ocrx_word' id='word_1_94' title='bbox 171 1716 206 1770; x_wconf 86' lang='lat' dir='ltr'><strong>te</strong></span> <span class='ocrx_word' id='word_1_95' title='bbox 238 1707 272 1769; x_wconf 90' lang='lat' dir='ltr'><strong>in</strong></span> <span class='ocrx_word' id='word_1_96' title='bbox 306 1706 363 1770; x_wconf 87' lang='lat' dir='ltr'><strong>via</strong></span> <span class='ocrx_word' id='word_1_97' title='bbox 394 1705 496 1788; x_wconf 83' lang='lat' dir='ltr'><strong>regia</strong></span> <span class='ocrx_word' id='word_1_98' title='bbox 528 1715 566 1769; x_wconf 90' lang='lat' dir='ltr'><strong>et</strong></span> <span class='ocrx_word' id='word_1_99' title='bbox 597 1705 739 1769; x_wconf 89' lang='lat' dir='ltr'><strong>omnino</strong></span> <span class='ocrx_word' id='word_1_100' title='bbox 768 1707 895 1770; x_wconf 85' lang='lat' dir='ltr'><strong>desere</strong></span> <span class='ocrx_word' id='word_1_101' title='bbox 923 1709 1090 1770; x_wconf 89' lang='lat' dir='ltr'><strong>mundum</strong></span> <span class='ocrx_word' id='word_1_102' title='bbox 1118 1727 1158 1770; x_wconf 90' lang='lat' dir='ltr'><strong>ae</strong></span> 
     </span>
     <span class='ocr_line' id='line_1_14' title="bbox 172 1809 1161 1894; baseline 0.002 -20"><span class='ocrx_word' id='word_1_103' title='bbox 172 1811 246 1874; x_wconf 90' lang='lat' dir='ltr'><strong>eius</strong></span> <span class='ocrx_word' id='word_1_104' title='bbox 263 1809 421 1894; x_wconf 83' lang='lat' dir='ltr'><strong>gloriam,</strong></span> <span class='ocrx_word' id='word_1_105' title='bbox 438 1810 520 1893; x_wconf 92' lang='lat' dir='ltr'><strong>quia</strong></span> <span class='ocrx_word' id='word_1_106' title='bbox 537 1812 635 1874; x_wconf 89' lang='lat' dir='ltr'><strong>aliter</strong></span> <span class='ocrx_word' id='word_1_107' title='bbox 651 1830 690 1874; x_wconf 91' lang='lat' dir='ltr'><strong>es</strong></span> <span class='ocrx_word' id='word_1_108' title='bbox 705 1810 851 1874; x_wconf 91' lang='lat' dir='ltr'><strong>indubie</strong></span> <span class='ocrx_word' id='word_1_109' title='bbox 867 1811 1107 1876; x_wconf 86' lang='lat' dir='ltr'><strong>Antichristus</strong></span> <span class='ocrx_word' id='word_1_110' title='bbox 1124 1821 1161 1876; x_wconf 88' lang='lat' dir='ltr'><strong>et</strong></span> 
     </span>
     <span class='ocr_line' id='line_1_15' title="bbox 172 1914 1161 2000; baseline 0.004 -22"><span class='ocrx_word' id='word_1_111' title='bbox 172 1937 243 1979; x_wconf 90' lang='lat' dir='ltr'><strong>non</strong></span> <span class='ocrx_word' id='word_1_112' title='bbox 267 1917 311 1979; x_wconf 92' lang='lat' dir='ltr'><strong>de</strong></span> <span class='ocrx_word' id='word_1_113' title='bbox 329 1914 458 1979; x_wconf 85' lang='lat' dir='ltr'><strong>Christi</strong></span> <span class='ocrx_word' id='word_1_114' title='bbox 480 1916 617 1980; x_wconf 91' lang='lat' dir='ltr'><strong>ovibus.</strong></span> <span class='ocrx_word' id='word_1_115' title='bbox 642 1915 802 1980; x_wconf 85' lang='lat' dir='ltr'><strong>Christus</strong></span> <span class='ocrx_word' id='word_1_116' title='bbox 827 1916 920 1979; x_wconf 90' lang='lat' dir='ltr'><strong>enim</strong></span> <span class='ocrx_word' id='word_1_117' title='bbox 943 1938 1013 1981; x_wconf 91' lang='lat' dir='ltr'><strong>non</strong></span> <span class='ocrx_word' id='word_1_118' title='bbox 1038 1925 1161 2000; x_wconf 86' lang='lat' dir='ltr'><strong>potest</strong></span> 
     </span>
     <span class='ocr_line' id='line_1_16' title="bbox 134 2022 1159 2105; baseline 0.008 -28"><span class='ocrx_word' id='word_1_119' title='bbox 134 2023 366 2103; x_wconf 65' lang='lat' dir='ltr'><strong>issuperbum</strong></span> <span class='ocrx_word' id='word_1_120' title='bbox 390 2022 495 2083; x_wconf 88' lang='lat' dir='ltr'><strong>talem</strong></span> <span class='ocrx_word' id='word_1_121' title='bbox 520 2022 563 2083; x_wconf 90' lang='lat' dir='ltr'><strong>ad</strong></span> <span class='ocrx_word' id='word_1_122' title='bbox 586 2041 625 2084; x_wconf 90' lang='lat' dir='ltr'><strong>se</strong></span> <span class='ocrx_word' id='word_1_123' title='bbox 649 2022 799 2097; x_wconf 90' lang='lat' dir='ltr'><strong>trahere,</strong></span> <span class='ocrx_word' id='word_1_124' title='bbox 824 2041 902 2085; x_wconf 90' lang='lat' dir='ltr'><strong>cum</strong></span> <span class='ocrx_word' id='word_1_125' title='bbox 927 2031 1072 2105; x_wconf 91' lang='lat' dir='ltr'><strong>oportet</strong></span> <span class='ocrx_word' id='word_1_126' title='bbox 1096 2042 1159 2085; x_wconf 83' lang='lat' dir='ltr'><strong>ex·</strong></span> 
     </span>
     <span class='ocr_line' id='line_1_17' title="bbox 173 2124 1158 2212; baseline 0.001 -23"><span class='ocrx_word' id='word_1_127' title='bbox 173 2125 379 2190; x_wconf 90' lang='lat' dir='ltr'><strong>altacionem</strong></span> <span class='ocrx_word' id='word_1_128' title='bbox 403 2127 447 2188; x_wconf 90' lang='lat' dir='ltr'><strong>ad</strong></span> <span class='ocrx_word' id='word_1_129' title='bbox 462 2126 578 2189; x_wconf 91' lang='lat' dir='ltr'><strong>Deum</strong></span> <span class='ocrx_word' id='word_1_130' title='bbox 603 2146 668 2209; x_wconf 91' lang='lat' dir='ltr'><strong>per</strong></span> <span class='ocrx_word' id='word_1_131' title='bbox 682 2125 912 2190; x_wconf 87' lang='lat' dir='ltr'><strong>humilitatem</strong></span> <span class='ocrx_word' id='word_1_132' title='bbox 929 2128 1139 2210; x_wconf 88' lang='lat' dir='ltr'><strong>procedere.</strong></span> <span class='ocrx_word' id='word_1_133' title='bbox 1154 2124 1158 2212; x_wconf 73' lang='lat' dir='ltr'><strong>l</strong></span> 
     </span>
     <span class='ocr_line' id='line_1_18' title="bbox 82 2231 1160 2314; baseline -0.001 -20"><span class='ocrx_word' id='word_1_134' title='bbox 82 2234 145 2285; x_wconf 71' lang='lat'><strong>2¹2⁴</strong></span> <span class='ocrx_word' id='word_1_135' title='bbox 173 2231 261 2295; x_wconf 89' lang='lat' dir='ltr'><strong>Ideo</strong></span> <span class='ocrx_word' id='word_1_136' title='bbox 286 2231 622 2313; x_wconf 89' lang='lat' dir='ltr'><strong>quomodocumque</strong></span> <span class='ocrx_word' id='word_1_137' title='bbox 645 2231 884 2314; x_wconf 90' lang='lat' dir='ltr'><strong>pompaveris,</strong></span> <span class='ocrx_word' id='word_1_138' title='bbox 909 2232 1099 2295; x_wconf 86' lang='lat' dir='ltr'><strong>exaltando</strong></span> <span class='ocrx_word' id='word_1_139' title='bbox 1123 2240 1160 2296; x_wconf 85' lang='lat' dir='ltr'><strong>te</strong></span> 
     </span>
     <span class='ocr_line' id='line_1_19' title="bbox 174 2335 1161 2418; baseline 0.001 -21"><span class='ocrx_word' id='word_1_140' title='bbox 174 2336 290 2418; x_wconf 89' lang='lat' dir='ltr'><strong>ipsum</strong></span> <span class='ocrx_word' id='word_1_141' title='bbox 314 2342 350 2398; x_wconf 88' lang='lat' dir='ltr'><strong>et</strong></span> <span class='ocrx_word' id='word_1_142' title='bbox 374 2336 560 2418; x_wconf 86' lang='lat' dir='ltr'><strong>querendo</strong></span> <span class='ocrx_word' id='word_1_143' title='bbox 584 2335 704 2399; x_wconf 88' lang='lat' dir='ltr'><strong>mundi</strong></span> <span class='ocrx_word' id='word_1_144' title='bbox 727 2335 885 2418; x_wconf 84' lang='lat' dir='ltr'><strong>gloriam,</strong></span> <span class='ocrx_word' id='word_1_145' title='bbox 913 2336 971 2399; x_wconf 87' lang='lat' dir='ltr'><strong>ille</strong></span> <span class='ocrx_word' id='word_1_146' title='bbox 999 2336 1060 2418; x_wconf 93' lang='lat' dir='ltr'><strong>qui</strong></span> <span class='ocrx_word' id='word_1_147' title='bbox 1083 2356 1161 2399; x_wconf 89' lang='lat' dir='ltr'><strong>sen·</strong></span> 
     </span>
     <span class='ocr_line' id='line_1_20' title="bbox 174 2439 1162 2524; baseline 0 -21"><span class='ocrx_word' id='word_1_148' title='bbox 174 2439 352 2519; x_wconf 86' lang='lat' dir='ltr'><strong>tenciavit,</strong></span> <span class='ocrx_word' id='word_1_149' title='bbox 388 2441 485 2524; x_wconf 89' lang='lat' dir='ltr'><strong>quod</strong></span> <span class='ocrx_word' id='word_1_150' title='bbox 501 2443 559 2523; x_wconf 81' lang='lat' dir='ltr'><strong>qui</strong></span> <span class='ocrx_word' id='word_1_151' title='bbox 581 2461 617 2505; x_wconf 85' lang='lat' dir='ltr'><strong>se</strong></span> <span class='ocrx_word' id='word_1_152' title='bbox 640 2442 763 2504; x_wconf 81' lang='lat' dir='ltr'><strong>exaltat</strong></span> <span class='ocrx_word' id='word_1_153' title='bbox 784 2443 1035 2524; x_wconf 77' lang='lat' dir='ltr'><strong>humiliabitur,</strong></span> <span class='ocrx_word' id='word_1_154' title='bbox 1059 2442 1162 2523; x_wconf 84' lang='lat' dir='ltr'><strong>etqui</strong></span> 
     </span>
     <span class='ocr_line' id='line_1_21' title="bbox 132 2546 1161 2628; baseline 0 -20"><span class='ocrx_word' id='word_1_155' title='bbox 132 2564 208 2608; x_wconf 77' lang='lat' dir='ltr'><strong>aose</strong></span> <span class='ocrx_word' id='word_1_156' title='bbox 229 2547 389 2609; x_wconf 78' lang='lat' dir='ltr'><strong>humiliat</strong></span> <span class='ocrx_word' id='word_1_157' title='bbox 420 2546 637 2627; x_wconf 76' lang='lat' dir='ltr'><strong>exallabitur,</strong></span> <span class='ocrx_word' id='word_1_158' title='bbox 664 2565 733 2609; x_wconf 90' lang='lat' dir='ltr'><strong>non</strong></span> <span class='ocrx_word' id='word_1_159' title='bbox 759 2553 883 2628; x_wconf 90' lang='lat' dir='ltr'><strong>potest</strong></span> <span class='ocrx_word' id='word_1_160' title='bbox 906 2556 1040 2610; x_wconf 89' lang='lat' dir='ltr'><strong>mutare</strong></span> <span class='ocrx_word' id='word_1_161' title='bbox 1064 2565 1161 2609; x_wconf 91' lang='lat' dir='ltr'><strong>suam</strong></span> 
     </span>
     <span class='ocr_line' id='line_1_22' title="bbox 174 2649 1161 2733; baseline 0.001 -21"><span class='ocrx_word' id='word_1_162' title='bbox 174 2649 402 2726; x_wconf 87' lang='lat' dir='ltr'><strong>sentenciam,</strong></span> <span class='ocrx_word' id='word_1_163' title='bbox 426 2649 511 2732; x_wconf 92' lang='lat' dir='ltr'><strong>quin</strong></span> <span class='ocrx_word' id='word_1_164' title='bbox 534 2650 614 2714; x_wconf 87' lang='lat' dir='ltr'><strong>talis</strong></span> <span class='ocrx_word' id='word_1_165' title='bbox 637 2650 684 2714; x_wconf 93' lang='lat' dir='ltr'><strong>sit</strong></span> <span class='ocrx_word' id='word_1_166' title='bbox 704 2649 816 2733; x_wconf 83' lang='lat' dir='ltr'><strong>magis</strong></span> <span class='ocrx_word' id='word_1_167' title='bbox 833 2650 967 2714; x_wconf 90' lang='lat' dir='ltr'><strong>alienus</strong></span> <span class='ocrx_word' id='word_1_168' title='bbox 984 2671 1004 2713; x_wconf 92' lang='lat' dir='ltr'><strong>a</strong></span> <span class='ocrx_word' id='word_1_169' title='bbox 1020 2650 1161 2714; x_wconf 92' lang='lat' dir='ltr'><strong>Christo</strong></span> 
     </span>
     <span class='ocr_line' id='line_1_23' title="bbox 175 2754 827 2838; baseline 0.006 -21"><span class='ocrx_word' id='word_1_170' title='bbox 175 2764 212 2817; x_wconf 90' lang='lat' dir='ltr'><strong>et</strong></span> <span class='ocrx_word' id='word_1_171' title='bbox 234 2775 300 2838; x_wconf 90' lang='lat' dir='ltr'><strong>per</strong></span> <span class='ocrx_word' id='word_1_172' title='bbox 323 2774 550 2837; x_wconf 86' lang='lat' dir='ltr'><strong>consequens</strong></span> <span class='ocrx_word' id='word_1_173' title='bbox 575 2754 827 2821; x_wconf 77' lang='lat' dir='ltr'><strong>Antichristus</strong></span> 
     </span>
     <span class='ocr_line' id='line_1_24' title="bbox 219 2858 1362 2940; baseline 0.003 -19"><span class='ocrx_word' id='word_1_174' title='bbox 219 2858 395 2940; x_wconf 82' lang='lat' dir='ltr'><strong>Quantum</strong></span> <span class='ocrx_word' id='word_1_175' title='bbox 423 2860 468 2922; x_wconf 91' lang='lat' dir='ltr'><strong>ad</strong></span> <span class='ocrx_word' id='word_1_176' title='bbox 494 2860 644 2924; x_wconf 91' lang='lat' dir='ltr'><strong>tercium</strong></span> <span class='ocrx_word' id='word_1_177' title='bbox 668 2860 805 2924; x_wconf 90' lang='lat' dir='ltr'><strong>scilicet</strong></span> <span class='ocrx_word' id='word_1_178' title='bbox 827 2861 901 2925; x_wconf 91' lang='lat' dir='ltr'><strong>vite</strong></span> <span class='ocrx_word' id='word_1_179' title='bbox 931 2860 1161 2938; x_wconf 90' lang='lat' dir='ltr'><strong>sanctitatem,</strong></span> <span class='ocrx_word' id='word_1_180' title='bbox 1186 2894 1230 2938; x_wconf 81' lang='lat' dir='ltr'><strong>We</strong></span> <span class='ocrx_word' id='word_1_181' title='bbox 1245 2899 1362 2938; x_wconf 72' lang='lat' dir='ltr'><strong>musrnot</strong></span> 
     </span>
     <span class='ocr_line' id='line_1_25' title="bbox 175 2948 1356 3061; baseline 0.001 -34"><span class='ocrx_word' id='word_1_182' title='bbox 175 2973 275 3046; x_wconf 89' lang='lat' dir='ltr'><strong>patet</strong></span> <span class='ocrx_word' id='word_1_183' title='bbox 298 2966 394 3047; x_wconf 92' lang='lat' dir='ltr'><strong>quod</strong></span> <span class='ocrx_word' id='word_1_184' title='bbox 415 2985 565 3028; x_wconf 90' lang='lat' dir='ltr'><strong>necesse</strong></span> <span class='ocrx_word' id='word_1_185' title='bbox 584 2976 639 3029; x_wconf 90' lang='lat' dir='ltr'><strong>est</strong></span> <span class='ocrx_word' id='word_1_186' title='bbox 654 2965 866 3048; x_wconf 83' lang='lat' dir='ltr'><strong>gloriantem</strong></span> <span class='ocrx_word' id='word_1_187' title='bbox 882 2966 933 3030; x_wconf 89' lang='lat' dir='ltr'><strong>sic</strong></span> <span class='ocrx_word' id='word_1_188' title='bbox 948 2966 984 3028; x_wconf 90' lang='lat' dir='ltr'><strong>in</strong></span> <span class='ocrx_word' id='word_1_189' title='bbox 1000 2965 1162 3029; x_wconf 92' lang='lat' dir='ltr'><strong>laudibus</strong></span> <span class='ocrx_word' id='word_1_190' title='bbox 1194 2948 1356 3061; x_wconf 50' lang='grc' dir='ltr'><strong>(ζῗᾞῗξξ</strong></span> 
     </span>
     <span class='ocr_line' id='line_1_26' title="bbox 133 3053 1336 3154; baseline 0.001 -23"><span class='ocrx_word' id='word_1_191' title='bbox 133 3070 355 3133; x_wconf 77' lang='lat' dir='ltr'><strong>25hominum</strong></span> <span class='ocrx_word' id='word_1_192' title='bbox 395 3069 622 3133; x_wconf 89' lang='lat' dir='ltr'><strong>considerare</strong></span> <span class='ocrx_word' id='word_1_193' title='bbox 665 3090 705 3134; x_wconf 87' lang='lat' dir='ltr'><strong>se</strong></span> <span class='ocrx_word' id='word_1_194' title='bbox 748 3070 898 3135; x_wconf 90' lang='lat' dir='ltr'><strong>sollicite</strong></span> <span class='ocrx_word' id='word_1_195' title='bbox 935 3070 971 3133; x_wconf 92' lang='lat' dir='ltr'><strong>in</strong></span> <span class='ocrx_word' id='word_1_196' title='bbox 1014 3071 1161 3154; x_wconf 88' lang='lat' dir='ltr'><strong>speculo</strong></span> <span class='ocrx_word' id='word_1_197' title='bbox 1224 3053 1336 3096; x_wconf 78' lang='lat'><strong>&#39;¹⁰¹¹”‘⁸⁵·</strong></span> 
     </span>
     <span class='ocr_line' id='line_1_27' title="bbox 175 3173 1164 3260; baseline 0.001 -23"><span class='ocrx_word' id='word_1_198' title='bbox 175 3175 438 3257; x_wconf 90' lang='lat' dir='ltr'><strong>scripturarum.</strong></span> <span class='ocrx_word' id='word_1_199' title='bbox 472 3173 684 3239; x_wconf 87' lang='lat' dir='ltr'><strong>Consideret</strong></span> <span class='ocrx_word' id='word_1_200' title='bbox 711 3175 819 3260; x_wconf 83' lang='lat' dir='ltr'><strong>igitur</strong></span> <span class='ocrx_word' id='word_1_201' title='bbox 843 3196 937 3260; x_wconf 94' lang='lat' dir='ltr'><strong>papa</strong></span> <span class='ocrx_word' id='word_1_202' title='bbox 960 3185 996 3240; x_wconf 89' lang='lat' dir='ltr'><strong>et</strong></span> <span class='ocrx_word' id='word_1_203' title='bbox 1017 3176 1164 3258; x_wconf 91' lang='lat' dir='ltr'><strong>impleat</strong></span> 
     </span>
     <span class='ocr_line' id='line_1_28' title="bbox 177 3279 1163 3362; baseline -0.001 -20"><span class='ocrx_word' id='word_1_204' title='bbox 177 3299 219 3342; x_wconf 89' lang='lat' dir='ltr'><strong>ea</strong></span> <span class='ocrx_word' id='word_1_205' title='bbox 250 3299 320 3361; x_wconf 90' lang='lat' dir='ltr'><strong>que</strong></span> <span class='ocrx_word' id='word_1_206' title='bbox 353 3279 521 3362; x_wconf 89' lang='lat' dir='ltr'><strong>exposita</strong></span> <span class='ocrx_word' id='word_1_207' title='bbox 552 3290 634 3344; x_wconf 91' lang='lat' dir='ltr'><strong>sunt</strong></span> <span class='ocrx_word' id='word_1_208' title='bbox 667 3282 711 3344; x_wconf 90' lang='lat' dir='ltr'><strong>de</strong></span> <span class='ocrx_word' id='word_1_209' title='bbox 744 3282 865 3357; x_wconf 91' lang='lat' dir='ltr'><strong>Petro,</strong></span> <span class='ocrx_word' id='word_1_210' title='bbox 908 3290 944 3345; x_wconf 91' lang='lat' dir='ltr'><strong>et</strong></span> <span class='ocrx_word' id='word_1_211' title='bbox 975 3289 1059 3344; x_wconf 90' lang='lat' dir='ltr'><strong>tunc</strong></span> <span class='ocrx_word' id='word_1_212' title='bbox 1091 3299 1163 3342; x_wconf 91' lang='lat' dir='ltr'><strong>non</strong></span> 
     </span>
     <span class='ocr_line' id='line_1_29' title="bbox 177 3383 1164 3450; baseline -0.001 -4"><span class='ocrx_word' id='word_1_213' title='bbox 177 3383 413 3447; x_wconf 88' lang='lat' dir='ltr'><strong>delectabitur</strong></span> <span class='ocrx_word' id='word_1_214' title='bbox 439 3384 473 3447; x_wconf 93' lang='lat' dir='ltr'><strong>in</strong></span> <span class='ocrx_word' id='word_1_215' title='bbox 502 3385 605 3448; x_wconf 91' lang='lat' dir='ltr'><strong>laude</strong></span> <span class='ocrx_word' id='word_1_216' title='bbox 632 3385 812 3449; x_wconf 93' lang='lat' dir='ltr'><strong>hominum</strong></span> <span class='ocrx_word' id='word_1_217' title='bbox 840 3386 967 3450; x_wconf 89' lang='lat' dir='ltr'><strong>necin</strong></span> <span class='ocrx_word' id='word_1_218' title='bbox 990 3386 1164 3448; x_wconf 89' lang='lat' dir='ltr'><strong>mundana</strong></span> 
     </span>
     <span class='ocr_line' id='line_1_30' title="bbox 177 3488 1163 3573; baseline 0.002 -23"><span class='ocrx_word' id='word_1_219' title='bbox 177 3488 299 3569; x_wconf 82' lang='lat' dir='ltr'><strong>gloria,</strong></span> <span class='ocrx_word' id='word_1_220' title='bbox 328 3490 392 3551; x_wconf 92' lang='lat' dir='ltr'><strong>sed</strong></span> <span class='ocrx_word' id='word_1_221' title='bbox 419 3488 455 3551; x_wconf 93' lang='lat' dir='ltr'><strong>in</strong></span> <span class='ocrx_word' id='word_1_222' title='bbox 484 3509 550 3571; x_wconf 89' lang='lat' dir='ltr'><strong>spe</strong></span> <span class='ocrx_word' id='word_1_223' title='bbox 573 3489 700 3573; x_wconf 91' lang='lat' dir='ltr'><strong>premii</strong></span> <span class='ocrx_word' id='word_1_224' title='bbox 723 3490 924 3553; x_wconf 89' lang='lat' dir='ltr'><strong>absconditi</strong></span> <span class='ocrx_word' id='word_1_225' title='bbox 951 3490 987 3553; x_wconf 91' lang='lat' dir='ltr'><strong>in</strong></span> <span class='ocrx_word' id='word_1_226' title='bbox 1011 3488 1163 3566; x_wconf 91' lang='lat' dir='ltr'><strong>Christo,</strong></span> 
     </span>
     <span class='ocr_line' id='line_1_31' title="bbox 135 3592 1164 3676; baseline 0.001 -21"><span class='ocrx_word' id='word_1_227' title='bbox 135 3598 167 3646; x_wconf 77' lang='lat'><strong>30</strong></span> <span class='ocrx_word' id='word_1_228' title='bbox 178 3601 214 3655; x_wconf 88' lang='lat' dir='ltr'><strong>et</strong></span> <span class='ocrx_word' id='word_1_229' title='bbox 236 3592 287 3655; x_wconf 90' lang='lat' dir='ltr'><strong>sic</strong></span> <span class='ocrx_word' id='word_1_230' title='bbox 311 3613 378 3657; x_wconf 92' lang='lat' dir='ltr'><strong>non</strong></span> <span class='ocrx_word' id='word_1_231' title='bbox 400 3592 520 3670; x_wconf 89' lang='lat' dir='ltr'><strong>video,</strong></span> <span class='ocrx_word' id='word_1_232' title='bbox 549 3592 634 3676; x_wconf 91' lang='lat' dir='ltr'><strong>quin</strong></span> <span class='ocrx_word' id='word_1_233' title='bbox 657 3592 827 3658; x_wconf 87' lang='lat' dir='ltr'><strong>affectans</strong></span> <span class='ocrx_word' id='word_1_234' title='bbox 849 3597 1017 3658; x_wconf 90' lang='lat' dir='ltr'><strong>humanas</strong></span> <span class='ocrx_word' id='word_1_235' title='bbox 1041 3593 1164 3656; x_wconf 89' lang='lat' dir='ltr'><strong>laudes</strong></span> 
     </span>
     <span class='ocr_line' id='line_1_32' title="bbox 180 3697 1164 3781; baseline 0 -21"><span class='ocrx_word' id='word_1_236' title='bbox 180 3697 370 3781; x_wconf 85' lang='lat' dir='ltr'><strong>etgloriam</strong></span> <span class='ocrx_word' id='word_1_237' title='bbox 388 3707 539 3781; x_wconf 90' lang='lat' dir='ltr'><strong>propter</strong></span> <span class='ocrx_word' id='word_1_238' title='bbox 547 3698 621 3762; x_wconf 87' lang='lat' dir='ltr'><strong>vite</strong></span> <span class='ocrx_word' id='word_1_239' title='bbox 638 3698 859 3763; x_wconf 89' lang='lat' dir='ltr'><strong>sanctitatem</strong></span> <span class='ocrx_word' id='word_1_240' title='bbox 876 3699 921 3763; x_wconf 91' lang='lat' dir='ltr'><strong>sit</strong></span> <span class='ocrx_word' id='word_1_241' title='bbox 932 3698 1164 3762; x_wconf 86' lang='lat' dir='ltr'><strong>detestandus</strong></span> 
     </span>
    </p>
   </div>
   <div class='ocr_carea' id='block_1_5' title="bbox 179 3803 1162 3887">
    <p class='ocr_par' dir='ltr' id='par_1_5' title="bbox 179 3803 1162 3887">
     <span class='ocr_line' id='line_1_33' title="bbox 179 3803 1162 3887; baseline -0.002 -20"><span class='ocrx_word' id='word_1_242' title='bbox 179 3803 342 3886; x_wconf 90' lang='lat' dir='ltr'><strong>ypocrita</strong></span> <span class='ocrx_word' id='word_1_243' title='bbox 363 3812 401 3867; x_wconf 90' lang='lat' dir='ltr'><strong>et</strong></span> <span class='ocrx_word' id='word_1_244' title='bbox 423 3803 639 3867; x_wconf 90' lang='lat' dir='ltr'><strong>mendaciter</strong></span> <span class='ocrx_word' id='word_1_245' title='bbox 663 3805 859 3869; x_wconf 90' lang='lat' dir='ltr'><strong>contrarius</strong></span> <span class='ocrx_word' id='word_1_246' title='bbox 887 3803 1058 3887; x_wconf 90' lang='lat' dir='ltr'><strong>sibiipsi,</strong></span> <span class='ocrx_word' id='word_1_247' title='bbox 1085 3822 1162 3866; x_wconf 91' lang='lat' dir='ltr'><strong>nam</strong></span> 
     </span>
    </p>
   </div>
   <div class='ocr_carea' id='block_1_6' title="bbox 176 4076 1165 4273">
    <p class='ocr_par' dir='ltr' id='par_1_6' title="bbox 176 4076 1165 4273">
     <span class='ocr_line' id='line_1_34' title="bbox 230 4076 1163 4134; baseline 0.002 -13"><span class='ocrx_word' id='word_1_248' title='bbox 230 4076 252 4122; x_wconf 79' lang='lat'><strong>5.</strong></span> <span class='ocrx_word' id='word_1_249' title='bbox 268 4076 343 4122; x_wconf 89' lang='lat' dir='ltr'><strong>Codd.</strong></span> <span class='ocrx_word' id='word_1_250' title='bbox 358 4077 381 4122; x_wconf 88' lang='lat' dir='ltr'><strong>in</strong></span> <span class='ocrx_word' id='word_1_251' title='bbox 398 4089 483 4132; x_wconf 52' lang='lat' dir='ltr'><strong>marga</strong></span> <span class='ocrx_word' id='word_1_252' title='bbox 505 4078 583 4123; x_wconf 80' lang='lat' dir='ltr'><strong>Viator</strong></span> <span class='ocrx_word' id='word_1_253' title='bbox 596 4080 703 4123; x_wconf 78' lang='lat' dir='ltr'><strong>attendat</strong></span> <span class='ocrx_word' id='word_1_254' title='bbox 715 4076 838 4123; x_wconf 75' lang='lat' dir='ltr'><strong>Ctn&#39;stum.</strong></span> <span class='ocrx_word' id='word_1_255' title='bbox 896 4091 927 4124; x_wconf 93' lang='grc' dir='ltr'><strong>ιο.</strong></span> <span class='ocrx_word' id='word_1_256' title='bbox 945 4078 1021 4124; x_wconf 84' lang='lat' dir='ltr'><strong>Codd.</strong></span> <span class='ocrx_word' id='word_1_257' title='bbox 1035 4078 1059 4125; x_wconf 87' lang='lat' dir='ltr'><strong>tn</strong></span> <span class='ocrx_word' id='word_1_258' title='bbox 1075 4090 1163 4134; x_wconf 55' lang='lat' dir='ltr'><strong>murga</strong></span> 
     </span>
     <span class='ocr_line' id='line_1_35' title="bbox 177 4146 1165 4207; baseline 0.002 -18"><span class='ocrx_word' id='word_1_259' title='bbox 177 4146 338 4191; x_wconf 71' lang='lat' dir='ltr'><strong>Antichrbtur.</strong></span> <span class='ocrx_word' id='word_1_260' title='bbox 420 4158 453 4202; x_wconf 86' lang='lat'><strong>17.</strong></span> <span class='ocrx_word' id='word_1_261' title='bbox 472 4146 547 4192; x_wconf 85' lang='lat' dir='ltr'><strong>Codd.</strong></span> <span class='ocrx_word' id='word_1_262' title='bbox 567 4149 591 4192; x_wconf 91' lang='lat' dir='ltr'><strong>in</strong></span> <span class='ocrx_word' id='word_1_263' title='bbox 611 4160 699 4205; x_wconf 80' lang='lat' dir='ltr'><strong>marg.:</strong></span> <span class='ocrx_word' id='word_1_264' title='bbox 728 4147 833 4193; x_wconf 82' lang='lat' dir='ltr'><strong>Gloriam</strong></span> <span class='ocrx_word' id='word_1_265' title='bbox 849 4148 946 4205; x_wconf 69' lang='lat' dir='ltr'><strong>sugere</strong></span> <span class='ocrx_word' id='word_1_266' title='bbox 963 4147 1051 4202; x_wconf 51' lang='lat' dir='ltr'><strong>(Cede</strong></span> <span class='ocrx_word' id='word_1_267' title='bbox 1068 4151 1165 4207; x_wconf 73' lang='lat' dir='ltr'><strong>sugere)</strong></span> 
     </span>
     <span class='ocr_line' id='line_1_36' title="bbox 176 4216 366 4273; baseline 0.005 -14"><span class='ocrx_word' id='word_1_268' title='bbox 176 4216 242 4261; x_wconf 76' lang='lat' dir='ltr'><strong>debet</strong></span> <span class='ocrx_word' id='word_1_269' title='bbox 252 4217 366 4273; x_wconf 76' lang='lat' dir='ltr'><strong>prelatus.</strong></span> 
     </span>
    </p>
   </div>
   <div class='ocr_carea' id='block_1_7' title="bbox 228 4341 533 4410">
    <p class='ocr_par' dir='ltr' id='par_1_7' title="bbox 228 4341 533 4410">
     <span class='ocr_line' id='line_1_37' title="bbox 228 4341 533 4410; baseline 0.003 -17"><span class='ocrx_word' id='word_1_270' title='bbox 228 4341 253 4396; x_wconf 84' lang='lat'><strong>6.</strong></span> <span class='ocrx_word' id='word_1_271' title='bbox 271 4342 361 4395; x_wconf 71' lang='lat' dir='ltr'><strong>nael.</strong></span> <span class='ocrx_word' id='word_1_272' title='bbox 380 4344 470 4410; x_wconf 80' lang='lat' dir='ltr'><strong>xxm,</strong></span> <span class='ocrx_word' id='word_1_273' title='bbox 495 4358 533 4394; x_wconf 69' lang='grc' dir='ltr'><strong>ιι.</strong></span> 
     </span>
    </p>
   </div>
   <div class='ocr_carea' id='block_1_8' title="bbox 0 0 1514 5026">
    <p class='ocr_par' dir='ltr' id='par_1_8' title="bbox 0 0 1514 5026">
     <span class='ocr_line' id='line_1_38' title="bbox 0 0 1514 5026; baseline 0 0"><span class='ocrx_word' id='word_1_274' title='bbox 0 0 1514 5026; x_wconf 95' lang='lat' dir='ltr'><strong> </strong></span> 
     </span>
    </p>
   </div>
  </div>
 </body>
</html>
