3008 5026
181 435 250 481 eno.
265 418 308 508 u]
481 438 525 487 oa
545 437 755 487 no'msrnrs
774 438 874 487 enea.

183 598 295 675 michi,
325 597 474 661 Jacoms
505 601 534 658 et
564 594 694 675 Capias
725 599 755 657 ct
781 594 962 671 Johannes,
994 597 1052 674 qm'
1083 599 1168 660 vide·

182 703 307 766 bantur
334 720 404 766 esse
430 702 618 782 columpne,
646 703 801 764 dexteras
827 699 992 763 dederunt
1015 702 1117 764 michi
1139 706 1169 765 ct

182 806 341 870 Barnabc
371 807 550 877 societatis,
584 810 619 867 ut
642 825 704 869 nos
735 806 771 866 m
791 809 917 886 gentes
940 806 1008 886 ipsi
1032 824 1109 868 vero
1133 807 1169 868 in

180 912 484 975 circumcisionem.
517 908 590 973 Sed
613 917 715 971 notet
737 928 827 991 rogo
851 928 1005 990 arguens
1029 929 1076 972 ex
1097 910 1168 973 isto
1236 924 1328 970 uenae

160 1025 294 1096 §textu,
318 1015 495 1097 quomodo
513 1014 642 1077 Paulus
659 1012 811 1077 triennio
829 1023 910 1076 ante
925 1013 1010 1076 illud
1026 1025 1169 1096 tempus
1178 977 1386 1086 ype‘ai's‘hs‘edroi'isir‘e

182 1121 257 1184 sine
291 1139 412 1183 eorum
446 1119 654 1182 auctoritate
687 1118 885 1200 predicavit
920 1118 957 1181 in
989 1118 1168 1200 gentibus,
1214 1088 1261 1125 Μ
1275 1081 1347 1126 ΡΜ

182 1225 227 1287 de
250 1244 322 1306 quo
346 1244 417 1287 non
434 1224 530 1307 cepit
546 1222 782 1306 penitenciam
799 1223 857 1285 vel
872 1222 1169 1304 reprobacionem

181 1349 200 1391 a
223 1329 342 1409 Petr0,
367 1331 451 1411 quia
472 1329 604 1391 Paulus
629 1328 738 1391 cicius
760 1327 846 1390 illud
868 1327 1042 1391 insereret
1065 1347 1168 1410 quam

179 1433 493 1516 reprehensionem
516 1433 624 1496 Petri.
662 1431 774 1495 Notet
805 1434 964 1496 secundo
988 1434 1168 1514 quomodo

145 1537 357 1601 tocommuni
379 1536 528 1601 consilio
552 1546 588 1600 et
616 1536 825 1600 auctoritate
853 1535 990 1614 Christi,
1023 1546 1062 1600 ut
1084 1536 1170 1600 dicit

180 1640 388 1725 Jeronimus,
411 1642 522 1705 locuti
545 1650 627 1705 sunt
650 1640 805 1724 apostoli
826 1641 862 1704 in
879 1640 1030 1704 ecclesia
1045 1640 1167 1723 primi-

181 1750 261 1812 tiva.
299 1747 430 1810 Petrus
462 1756 576 1810 autem
610 1767 657 1808 ex
680 1747 827 1808 decreto
858 1755 957 1809 cetus
980 1746 1169 1828 apostolici

184 1852 246 1915 fuit
269 1851 434 1935 paracior
457 1853 501 1915 ad
523 1853 692 1930 laborem,
717 1859 755 1913 ut
778 1859 878 1933 patet
899 1851 979 1915 Act.
1002 1848 1102 1929 VIII,
1130 1872 1167 1930 14

180 1957 240 2020 ubi
264 1956 400 2034 dicitur,
430 1956 527 2038 quod
550 1957 705 2036 apostoli,
733 1957 791 2035 qm'
817 1960 915 2018 erant
936 1955 1166 2037 Jerusolimis,

143 2064 347 2126 rsnriserum
373 2060 514 2124 Petrum
547 2065 576 2122 ct
598 2060 790 2123 Johannem
822 2061 856 2122 in
884 2057 1091 2123 Samariam
1123 2060 1384 2170 adani‘d‘siiiin.

181 2164 456 2229 confirmandum
503 2164 687 2247 populum,
735 2163 795 2245 qui
841 2162 940 2244 prius
980 2174 1166 2247 receperat
1177 2178 1206 2235 oy
1220 2178 1259 2222 me
1273 2179 1382 2233 moute..

179 2274 328 2336 verbum
364 2269 447 2347 Dei3
485 2268 546 2334 ubi
582 2288 655 2330 non
692 2277 832 2331 notatur
870 2267 979 2331 Petro
1016 2269 1167 2332 humana

180 2375 342 2460 dignitas,
374 2374 472 2455 quod
504 2373 658 2455 apostoli
691 2393 769 2435 eum
802 2371 973 2435 miserunt
1005 2375 1049 2435 ad
1081 2373 1166 2437 illud

181 2478 344 2552 officium,
377 2477 468 2541 sicut
500 2498 594 2560 papa
625 2497 696 2540 non
729 2486 935 2559 acceptaret
962 2476 1030 2541 sibi
1057 2478 1165 2561 digni·

141 2603 170 2639 20
179 2594 285 2646 tatem
303 2592 340 2646 et
355 2584 537 2662 honorem,
560 2583 658 2664 quod
674 2581 868 2645 cardinales
885 2581 1065 2645 mitterent
1088 2602 1166 2645 eum

180 2697 215 2751 et
247 2708 351 2750 unum
386 2687 595 2769 episcopum
634 2686 768 2750 socium
807 2687 850 2749 ad
884 2688 1166 2749 convertendum

106 2796 154 2848 185⁸
180 2812 281 2855 unam
304 2802 460 2874 gentem.
486 2792 530 2853 Et
553 2800 652 2873 patet
669 2793 766 2873 quod
783 2791 897 2855 minus
917 2794 923 2872 Ι
942 2790 1167 2855 inevidenter

180 2897 369 2960 eliceretur
392 2917 439 2961 ex
458 2896 527 2961 isto
550 2907 652 2959 textu
676 2897 774 2977 quod
790 2897 919 2960 Petrus
936 2905 970 2958 et
986 2895 1166 2974 Johannes

180 3003 362 3084 cepissent
385 3001 606 3065 autoritatem
630 3002 674 3063 ab
691 2999 865 3082 apostolis
881 2999 941 3082 qui
960 3000 1167 3063 residebant

141 3105 412 3186 25Jerusolimis3
435 3125 506 3169 non
531 3104 622 3168 enim
647 3113 701 3167 est
729 3123 856 3185 magna
879 3102 1068 3167 auctoritas
1093 3125 1165 3167 cur·

180 3230 296 3273 sorem
318 3209 408 3273 mitti
431 3210 477 3273 ad
493 3229 648 3292 operam.
673 3206 746 3272 Sed
762 3207 873 3271 tercio
889 3216 991 3271 notet
1006 3208 1166 3271 falsarius

178 3316 290 3378 verba
327 3322 450 3377 textus
484 3312 655 3396 Apostoli
694 3322 730 3375 et
760 3313 880 3377 videat
919 3312 948 3376 si
981 3321 1165 3394 sequatur:

180 3420 344 3498 Jacobus‚
382 3418 510 3480 Petrus
549 3425 585 3479 et
622 3416 804 3495 Johannes
843 3416 1019 3480 dederunt
1055 3418 1165 3481 Paulo

180 3535 215 3585 et
241 3523 404 3587 Bernabe
437 3524 597 3586 dextram
629 3521 820 3596 societatis,
852 3520 960 3603 igitur
992 3522 1167 3584 dederunt

140 3633 169 3682 30
181 3628 231 3690 eis
255 3626 475 3691 autoritatem
493 3626 569 3690 sive
585 3625 781 3696 licenciam;
806 3627 991 3698 dederunt,
1014 3626 1165 3707 inquam,

179 3731 230 3795 eis
252 3738 381 3797 bonam
406 3731 624 3811 societatem,
648 3732 848 3813 gaudentes
872 3733 969 3813 quod
992 3730 1091 3793 dedit
1114 3731 1165 3794 eis

178 3838 278 3900 Deus
310 3834 462 3919 graciam
495 3834 702 3918 predicandi
734 3834 912 3920 gentibus,
941 3833 1032 3897 sicut
1055 3835 1164 3897 Petro

177 3940 311 4021 Judeis,
344 3960 462 4023 ymmo
485 3940 651 4023 precepit
673 3960 839 4023 separare
868 3939 936 4003 sibi
958 3939 1104 4002 Paulum
1129 3948 1165 4001 et

179 4046 375 4109 Barnabam
399 4047 443 4108 ad
466 4045 553 4109 illud
577 4044 740 4108 officium.

232 4371 251 4417 3.
269 4384 338 4422 verm·
352 4375 386 4416 A:
402 4384 456 4416 non.
