3008 5026
152 423 219 468 cn».
241 407 293 495 uz]
453 429 496 478 ur.
517 427 729 477 potestate
749 428 846 477 enuit.

152 586 232 645 dum
268 585 535 665 Crysostomum
576 604 653 646 cuin
693 587 756 647 isla
797 585 849 646 nia
883 586 926 646 sil
958 603 1080 646 secura
1115 591 1144 646 el

152 691 266 769 magis
299 690 392 750 utilis
418 695 562 768 propter
592 691 700 751 multa
736 693 766 750 et
799 690 896 750 illam
925 689 1143 768 despicimus.

152 795 299 874 qiuillter
321 792 414 855 [leus
437 794 632 854 absconditu
657 795 840 855 revelabit?
877 792 943 853 Est
971 792 1062 854 enim
1094 793 1142 854 in-

152 898 270 960 tencio
300 896 403 958 huius
436 896 549 958 sancti
581 898 677 977 quod
709 896 866 978 apostoli
898 896 933 958 in
975 896 1142 979 eligendo

128 1001 347 1082 iepiscopos
374 1001 573 1062 habuerunt
604 1000 864 1062 revelacionem
899 1000 956 1062 vel
989 1002 1141 1082 prophe·
1166 1014 1335 1108 ‘spemagna

152 1106 248 1168 ciam.
288 1106 367 1185 Qne,
391 1104 514 1185 inquit,
537 1125 642 1185 opera
667 1107 853 1168 secundum
879 1107 927 1167 nil
949 1107 1139 1168 lutmimnm
1179 1068 1330 1180 aiiiaiiiif'i·

151 1211 293 1289 siclarin,
317 1230 337 1270 a
361 1210 545 1290 prophecia
571 1218 599 1271 el
615 1211 738 1288 spiritu
756 1216 872 1272 sancio
887 1211 1027 1288 plebani.
1054 1210 1140 1272 Pro·
1176 1174 1234 1214 mm
1250 1174 1337 1215 cm

148 1315 269 1394 pleecia
293 1315 383 1375 euim
409 1332 474 1374 inni
499 1320 546 1375 est
569 1316 679 1376 sollltn
704 1315 817 1376 dicere
831 1313 958 1393 sutura
980 1315 1039 1376 sal
1058 1334 1141 1395 pre-

151 1421 276 1498 sencia,
297 1438 373 1480 cum
392 1417 478 1480 Saul
494 1421 679 1481 securatam
691 1421 914 1500 propheciam
933 1425 1145 1482 memslratns

112 1529 198 1585 west
222 1524 256 1583 lu
283 1523 373 1584 uasis
396 1524 597 1598 occullata&
621 1522 713 1584 Deris
736 1525 826 1584 enlm
852 1525 952 1584 iustis
975 1526 1099 1586 revelat
1116 1529 1145 1585 el

148 1627 334 1708 prophecia
354 1625 427 1705 snit
454 1628 512 1689 lrec
539 1629 666 1690 dicere:
690 1625 865 1707 Separele,
895 1629 1013 1708 inquil,
1045 1629 1146 1690 miclei

152 1731 302 1793 Paulum
327 1737 355 1792 el
377 1730 596 1805 Burnalmrm
620 1733 667 1793 ilo
691 1736 720 1794 et
742 1731 931 1794 leineoteus
954 1734 1075 1794 elcclus
1098 1738 1145 1794 esl

62 1841 124 1907 ¹7⁸''
152 1855 172 1896 a
190 1835 310 1913 Paulo,
334 1837 392 1913 qrti
408 1837 537 1898 tulllius
555 1837 758 1916 propliecius
778 1835 782 1917 l
801 1837 926 1912 lealmil,
950 1841 987 1898 ut
1008 1838 1144 1916 picando

152 1942 366 2003 circimtcidit
403 1940 612 2003 Tleimotemu
653 1947 681 2002 el
719 1942 943 2002 introni.:ae¹il.
983 1940 1028 2002 Et
1060 1940 1143 2002 ideo

113 2043 245 2120 adicit,
269 2044 367 2125 quod
392 2045 483 2108 llens
511 2064 588 2107 ettae
612 2045 721 2126 elegit,
744 2064 811 2106 eron
834 2046 1025 2107 homanum
1051 2045 1143 2106 itali-

151 2150 252 2225 cium,
281 2149 370 2230 quod
397 2149 623 2211 intronizatos
650 2150 808 2211 recoleret
840 2150 1056 2212 custodiendo
1081 2148 1146 2212 Ilei

151 2253 348 2332 depositum.
388 2251 538 2333 Quando
571 2252 680 2334 igitur
713 2253 890 2315 electores
924 2252 1050 2335 spiritu
1084 2254 1144 2315 du·

152 2364 288 2438 cuntur,
321 2356 425 2419 alieni
457 2379 478 2419 a
501 2364 611 2419 vento
644 2356 843 2419 calliditatis
867 2358 1027 2436 humane,
1059 2365 1143 2419 tunc

152 2472 207 2523 est
232 2462 385 2542 simplex
408 2460 589 2525 institucio
607 2463 665 2523 vel
690 2463 876 2524 multorum
899 2461 1033 2525 eleccio
1057 2461 1140 2543 legi·

111 2565 250 2642 20tima3
277 2577 314 2628 ct
336 2565 437 2628 aliter
462 2577 517 2629 est
539 2566 679 2631 infecta.
702 2565 788 2630 Ideo
809 2568 944 2629 debent
966 2568 1143 2629 electores

152 2671 358 2755 postposito
393 2671 486 2733 omni
509 2673 661 2734 humano
699 2670 829 2733 iudicio
855 2671 1078 2734 committere
1103 2692 1142 2733 se

152 2774 273 2837 divino
289 2775 463 2857 regimini,
492 2776 584 2838 sicut
607 2774 841 2858 geromantici
859 2775 892 2837 in
910 2777 1141 2856 punctuando

152 2880 376 2961 suspendunt
385 2879 568 2942 fantasiam
580 2878 759 2962 propriam
783 2890 818 2940 et
835 2878 1059 2942 committunt
1083 2880 1141 2942 im·

151 2986 290 3066 pulsum
323 2986 367 3047 ad
400 2995 532 3047 motum
570 2983 758 3047 influencie
792 2983 935 3047 celestis
968 2984 1141 3065 corporis.

110 3089 196 3150 25Et
218 3097 320 3172 patet
348 3091 445 3171 quod
479 3089 628 3171 quilibet
656 3088 804 3151 istorum
831 3086 933 3150 trium
957 3089 1141 3152 modorum

151 3193 308 3276 eligendi
333 3203 387 3255 est
410 3192 595 3271 laudibilis,
619 3193 761 3275 quando
786 3193 825 3254 fit
846 3191 1075 3255 conformiter
1097 3193 1143 3254 ad

151 3298 367 3362 eleccionem
392 3298 555 3362 divinam.

192 3403 298 3466 Patet
327 3403 474 3487 insuper
508 3404 605 3485 quod
634 3403 769 3466 eleccio
802 3403 995 3466 adinventa
1025 3403 1141 3464 huma·

149 3507 244 3570 nitus
278 3517 333 3572 est
365 3507 589 3571 artificiosior
623 3508 687 3570 sed
712 3507 869 3570 callidior
893 3518 928 3570 et
952 3517 1141 3589 postquam

109 3611 245 3674 navari
278 3613 359 3693 plus
393 3622 474 3675 sunt
507 3610 658 3674 terrenis
693 3611 804 3674 dediti
828 3633 929 3693 quam
955 3609 1081 3674 merito
1106 3619 1142 3672 et

150 3716 262 3779 labori
291 3716 402 3779 officii
430 3726 485 3780 cst
508 3715 752 3800 periculosior.
791 3715 936 3778 Eleccio
961 3735 1049 3778 vero
1077 3734 1143 3796 per

150 3831 282 3883 sortem
307 3831 363 3883 est
386 3820 554 3896 securior,
580 3820 693 3902 magis
716 3818 895 3883 autentica
919 3830 956 3882 et
975 3838 1040 3901 per
1057 3837 1141 3880 con-

205 4073 235 4103 ιο.
252 4060 341 4104 Codri:
357 4061 381 4103 iu
396 4061 447 4104 istic
461 4062 555 4104 revelat.
612 4073 648 4104 oo.
665 4061 681 4104 B
696 4063 719 4104 in
735 4072 822 4115 marga
838 4059 909 4104 Nata.

205 4202 224 4238 1.
245 4185 465 4253 chrysostomus:
494 4185 537 4237 Aa
564 4201 611 4236 nos
639 4188 667 4236 in
696 4190 840 4237 extremam
865 4185 1003 4251 ignaviam
1029 4185 1142 4248 delapsi,

148 4275 230 4323 eciam
256 4273 399 4336 ›nanifesta
422 4274 580 4323 obiicimus:
602 4276 628 4324 si
651 4287 712 4324 vero
737 4273 881 4335 iitanijcsla
905 4273 1141 4336 pretermittimus.

147 4361 278 4424 quomodo
297 4362 373 4411 nobis
392 4359 464 4410 Deus
482 4362 597 4411 obscura
615 4365 638 4412 et
657 4362 760 4411 incerta
779 4360 925 4410 revelabit?
