3008 5026
687 395 861 445 Jouautus
880 394 1021 446 WYCLlF
1185 377 1270 462 [car.
1284 390 1349 437 vm.

360 560 522 633 tempore
546 553 790 633 apostolorum
813 560 850 615 et
873 551 932 614 diu
955 560 1038 635 post
1059 572 1131 615 non
1151 550 1217 615 fuit
1233 552 1352 616 Roma

361 654 485 719 civitas
509 654 764 735 christianismi,
781 656 840 718 vel
856 655 998 737 plenius
1021 655 1145 719 civitas
1162 675 1352 740 synagoge

361 761 518 838 sathane,
556 780 635 823 cum
673 760 864 842 imperator
903 770 938 822 et
975 760 1085 823 maior
1117 780 1199 843 pars
1226 761 1353 846 populi

360 863 476 929 fuerat
499 864 660 946 infidelis,
684 885 767 947 ymo
791 875 829 928 ut
853 866 1009 928 declarat
1028 865 1190 930 dominus
1205 867 1355 931 Ardma·

361 989 469 1033 canus
502 969 593 1032 libro
618 969 622 1055 Ι
643 968 723 1051 VII,
761 989 836 1053 cap.
869 969 962 1033 XVI
998 970 1056 1034 De
1095 969 1354 1052 Questionibus
1385 978 1445 1029 202⁴

360 1075 606 1155 Armenorum,
630 1074 675 1135 ad
698 1082 831 1137 tantum
854 1075 1055 1138 restrictum
1079 1085 1135 1139 est
1150 1075 1353 1137 Romanurn

361 1178 556 1261 imperium,
579 1184 616 1241 ut
639 1197 705 1243 non
729 1181 840 1243 solum
864 1182 1011 1261 imperto
1035 1179 1160 1262 Magni
1184 1179 1290 1246 Canis
1313 1181 1354 1242 de

364 1281 503 1364 Cathay,
526 1284 586 1346 sed
607 1284 710 1346 modo
733 1284 876 1364 insuper
898 1284 1045 1364 imperio
1061 1282 1264 1359 Persarum,
1287 1285 1353 1347 im·

358 1389 459 1470 perio
487 1387 617 1469 Usbeck,
645 1389 792 1469 imperio
817 1385 964 1451 Soldani
1001 1393 1031 1451 et
1053 1389 1201 1470 imperio
1225 1389 1353 1450 barba-

362 1510 486 1555 rorum
505 1494 549 1555 sil
573 1494 689 1555 minor
704 1491 858 1554 dominio
876 1492 1036 1572 seculari,
1060 1511 1143 1575 ymo
1160 1493 1353 1554 secundum
1371 1519 1400 1552 ιο

361 1595 575 1659 relacionem
586 1616 717 1675 eorum,
728 1594 789 1678 qui
798 1605 952 1659 remotas
963 1595 1148 1659 visitarunt
1166 1603 1356 1676 contratas,

364 1709 447 1764 sunt
461 1700 569 1763 multe
587 1699 760 1780 civitatee,
777 1720 848 1782 que
864 1700 1018 1762 Romam
1036 1709 1243 1782 exuperant
1267 1700 1356 1762 Ideo

183 1819 261 1865 ruere
275 1830 314 1862 ne
363 1806 489 1886 procul
514 1825 533 1866 a
557 1803 739 1883 catholico,
768 1814 806 1868 ut
829 1805 924 1867 dieat
949 1806 1066 1867 locum
1090 1803 1188 1867 illum
1211 1805 1270 1868 vel
1293 1825 1355 1886 po·

145 1872 248 1970 enpppg
262 1878 354 1968 [ree-ter
362 1909 484 1990 pulum
507 1908 736 1988 necessitate,
761 1919 799 1972 ut
823 1908 1016 1992 episcopus
1037 1928 1122 1970 suus
1138 1907 1185 1971 sit
1200 1907 1356 1990 optimus

196 1977 295 2022 nonan.
363 2032 500 2095 sequax
521 2011 659 2076 Christi
683 2013 730 2075 Et
750 2013 833 2076 ideo
857 2012 946 2075 infra
970 2013 1056 2075 dicit
1079 2011 1240 2075 dominus
1265 2012 1356 2074 Ard·
1371 2023 1399 2074 15

150 2080 346 2188 aessiassr'epir‘dn
362 2136 527 2180 macanus
555 2136 630 2199 cap.
653 2115 798 2179 XVIII:
828 2117 925 2200 Mihi,
952 2116 1077 2199 inquit,
1106 2117 1240 2179 videtur
1266 2118 1358 2196 quod

180 2186 321 2294 {Indidi}
359 2228 512 2304 papatus
539 2227 568 2285 et
591 2222 812 2304 pontificatus
834 2222 1015 2286 Romanus
1040 2241 1107 2285 non
1129 2223 1180 2284 sic
1203 2240 1357 2283 connec-

362 2335 485 2390 tuntur
508 2326 592 2408 quin
617 2346 664 2388 ex
688 2346 794 2389 causa
815 2325 982 2389 racionali
1006 2334 1174 2409 poterunt
1191 2324 1356 2407 separari.

363 2431 409 2494 Et
426 2429 653 2494 conformiter
669 2430 806 2494 tollitur
821 2432 979 2493 secunda
992 2430 1100 2509 racio,
1125 2449 1194 2511 qua
1209 2428 1357 2511 fingitur

363 2536 461 2617 quod
493 2534 528 2597 in
561 2534 678 2617 capite
710 2534 840 2614 mundi,
873 2534 934 2598 ubi
962 2542 1019 2598 est
1045 2533 1245 2617 generalior
1268 2552 1354 2595 con·
1368 2559 1401 2594 πο

362 2638 479 2702 fluxus
502 2639 637 2722 populi,
659 2638 838 2722 reciperet
861 2638 940 2721 ipse
964 2637 1143 2701 efficacius
1159 2636 1355 2701 doctrinam

152 2759 219 2805 wan
234 2760 280 2803 nn
296 2760 349 2803 nus
365 2742 493 2808 Christi
524 2754 559 2807 et
592 2745 857 2827 exemplaretur
887 2743 1020 2827 apcius,
1052 2743 1232 2827 quomodo
1262 2741 1352 2823 prin·

165 2812 204 2855 the
219 2813 269 2866 pter
285 2815 333 2855 that
387 2849 395 2863 ,

156 2863 346 2961 perparcum
366 2868 465 2931 cipes
488 2848 641 2912 Romani
673 2849 793 2912 forent
816 2848 955 2912 Christo
989 2847 1152 2929 subiecti,
1184 2866 1251 2909 nec
1283 2865 1355 2909 non

156 2981 221 3013 nore
236 2968 257 3011 in
278 2952 477 3027 uencetercio
501 2952 582 3016 sons
606 2953 690 3015 cleri
707 2953 890 3016 assisteret
911 2952 1001 3016 fonti
1018 2951 1185 3016 secularis
1202 2949 1356 3026 dominii,

147 3021 355 3117 s⁰in¹0h⁰cn⁸11⁰ssh⁰¹
366 3065 404 3119 ut
414 3056 542 3119 milicia
552 3056 636 3119 cleri
647 3060 865 3135 corroboret,
877 3067 914 3121 et
924 3055 1399 3139 clerusprincipibuscon·25

366 3162 458 3224 sulat
474 3174 510 3225 et
522 3174 626 3244 regat
640 3163 834 3225 secundum
851 3161 1074 3245 evangelium
1090 3160 1198 3223 Ihesu
1215 3157 1355 3222 Christi.

407 3264 481 3327 Ista
508 3276 624 3328 autem
652 3265 785 3348 triplex
811 3265 940 3328 ficticia
966 3285 1038 3328 non
1063 3276 1117 3328 est
1139 3262 1246 3343 racio,
1274 3263 1357 3345 quia

364 3368 401 3431 in
423 3378 499 3432 toto
524 3369 683 3433 eontinet
709 3369 924 3452 oppositum.
956 3368 1045 3432 Nam
1068 3369 1177 3445 Nero,
1200 3369 1356 3450 Dyocle·

367 3472 486 3536 cianus
500 3483 537 3536 et
551 3494 666 3556 genus
682 3484 909 3556 tyrannorum
926 3473 1197 3536 succedencium
1212 3472 1357 3535 luerunt

365 3577 538 3658 precipua
569 3578 760 3656 obstacula,
792 3597 901 3660 quare
933 3598 1005 3640 non
1037 3579 1202 3640 currebat
1232 3577 1267 3640 in
1295 3576 1401 3640 im-30

366 3681 467 3763 perio
501 3681 723 3765 evangelium
748 3691 784 3745 et
806 3685 865 3744 lex
890 3682 1030 3764 Christi,
1062 3683 1152 3745 sicut
1180 3689 1280 3764 patet
1309 3701 1357 3744 ex

367 3785 461 3848 notis
493 3785 653 3862 cronicis
686 3807 770 3868 ymo
794 3785 1047 3849 Constantinus
1075 3786 1273 3848 succedens
1297 3806 1356 3848 ve·

421 4087 442 4132 7.
460 4077 684 4130 Canis=(1(han).
739 4080 760 4123 8.
776 4079 864 4123 Codri:
883 4080 981 4134 Catnay.
997 4079 1132 4133 (Cattay=
1142 4089 1239 4134 regnum
1251 4077 1359 4132 Sinera.)

367 4157 389 4200 9.
407 4145 490 4190 Urboth
505 4147 528 4190 ln
544 4147 596 4190 cod.
653 4146 686 4191 18.
701 4151 772 4202 quim
785 4150 867 4193 codd:
883 4150 985 4204 quando.

422 4255 444 4305 5.
463 4255 503 4304 Cf.
522 4257 632 4305 Summe
662 4256 761 4304 domini
786 4258 925 4305 Armacanl
955 4257 980 4305 ln
1010 4256 1198 4316 Questionlbus
1225 4256 1358 4305 Armeno·

368 4357 425 4390 rum
445 4343 499 4404 Vll,
523 4341 552 4392 16
571 4343 617 4392 sol.
637 4344 750 4392 XLVIll
773 4343 845 4392 Paris
868 4345 927 4396 1511
953 4344 994 4405 (R.
1015 4344 1043 4395 L.
1064 4343 1165 4405 Poolo).
