3008 5026
136 402 205 448 CAP.
219 386 264 475 Ἄ]
438 406 483 456 DE
502 405 713 456 POTESTATE
733 405 832 456 ΡΑΡΕ.

136 569 291 627 mentum
313 563 544 645 superioritas
559 580 627 627 nor
642 567 690 626 est
705 580 727 623 a
743 561 815 625 Deo
836 565 866 624 et
888 566 968 624 tunc
990 562 1129 625 indubie

137 673 186 733 est
217 687 241 731 a
271 667 421 749 dyabolo.
459 664 498 732 si
530 665 640 751 igitur
662 685 757 749 papa
779 665 918 728 viveret
943 674 1043 730 recte
1067 686 1128 729 ex-

137 771 372 855 proprietarie
404 790 484 833 cum
516 769 645 834 ceteris
682 769 828 852 paribus
866 768 959 832 sicut
989 769 1129 852 Petrus,

138 876 320 958 quomodo
343 895 415 938 non
438 894 563 938 omnes
587 873 664 937 eius
680 873 813 937 subditi
830 883 1129 938 conversarentur

115 978 391 1042 §conformiterl
429 977 476 1040 Et
501 977 603 1042 istam
628 975 823 1040 doctrinam
857 977 917 1039 dat
949 976 1079 1042 Petrus
1109 977 1127 1041 I

137 1082 216 1145 Pet.
232 1082 286 1145 IV
300 1080 505 1165 precipiens
528 1081 626 1164 quod
647 1083 799 1146 seniores
820 1088 851 1144 et
869 1083 1039 1163 prepositi
1060 1100 1127 1146 non

136 1188 207 1251 sint
222 1189 439 1250 dominantes
453 1189 489 1249 in
505 1186 594 1249 clero
609 1187 669 1249 sed
682 1185 809 1266 forma
821 1187 951 1268 gregis.
974 1185 1022 1248 Et
1040 1184 1127 1250 illud

138 1294 286 1354 verbum
317 1298 459 1355 notaret
481 1289 580 1353 Petri
602 1289 756 1353 vicarius
788 1299 940 1373 propter
961 1309 1124 1353 reveren·

139 1394 227 1458 ciam
251 1394 440 1479 dignitatis.

98 1525 130 1558 ιο
183 1498 360 1581 Quantum
392 1499 437 1562 ad
484 1497 664 1562 caritatem
710 1517 783 1561 non
820 1497 928 1561 video
959 1497 1043 1581 quin
1073 1518 1126 1562 re·
1141 1532 1204 1577 Th„
1218 1534 1257 1578 m,
1272 1547 1333 1592 μορ,

139 1613 277 1687 pugnat
290 1601 551 1687 perfectissime
567 1600 703 1665 caritati
718 1601 847 1666 viantis
862 1603 960 1685 quod
974 1602 1011 1665 in
1026 1602 1126 1667 Petri
1141 1584 1226 1682 'ffissc'fl
1240 1588 1342 1683 ξ’,ζῖῃῗο

50 1717 112 1780 184·
138 1707 271 1771 vicario
295 1707 343 1770 sit
364 1716 435 1770 tam
455 1704 459 1790 Ι
480 1705 696 1770 dominativa
716 1714 753 1768 et
769 1705 917 1789 copiosa
930 1706 1124 1789 possessio,
1173 1690 1299 1799 ἱζῆἕῆξξξ*

138 1812 220 1896 quia
242 1831 321 1875 cum
345 1810 471 1874 caritas
493 1830 566 1874 non
589 1809 704 1893 querit
727 1811 985 1893 proprietatem
1009 1811 1124 1875 huius·

137 1916 242 1996 modi,
273 1925 312 1979 ut
343 1914 429 1978 dicit
460 1916 648 1998 apostolus
676 1913 702 1978 Ι.
727 1913 857 1979 Corint
885 1914 991 1991 XIII,
1023 1924 1125 1999 patet

99 2021 234 2103 15quod
256 2019 288 2082 si
302 2017 402 2083 Petri
425 2017 576 2082 vicarius
600 2039 647 2081 ex
669 2017 811 2082 fervore
834 2019 991 2084 caritatis
1008 2019 1124 2083 omnia

137 2124 195 2187 illa
226 2133 377 2207 propter
414 2143 568 2186 amorem
601 2121 729 2185 Christi
765 2122 994 2207 relinqueret,
1032 2124 1125 2188 sicut

137 2227 299 2291 lecerunt
320 2227 487 2311 apostoli,
510 2228 607 2310 quod
631 2246 710 2291 cum
733 2226 880 2309 paribus
902 2227 998 2293 foret
1018 2227 1055 2291 in
1079 2248 1123 2291 eo

138 2331 262 2395 caritas
299 2331 472 2395 intensior
509 2341 547 2395 et
583 2331 680 2394 foret
716 2331 826 2395 Petro
865 2331 1020 2414 similior,
1062 2332 1122 2416 qui
1151 2366 1171 2409 n
1184 2364 1230 2409 m,
1244 2365 1316 2418 pm,

137 2437 292 2499 Actuum
314 2434 380 2510 ΙΙΙ,
414 2439 434 2498 ό
467 2435 669 2499 confitetur:
700 2434 905 2518 Argentum,
936 2435 1060 2518 inquit,
1092 2417 1272 2524 eth5,¹¹,'„⁶,2,ff¹
1300 2419 1338 2514 3¹4⁶

97 2557 264 2602 roaurum
286 2557 355 2602 non
377 2544 426 2602 est
447 2540 558 2603 mirlei.
595 2539 642 2601 Et
667 2546 753 2602 tunc
780 2538 935 2602 liberalis
959 2538 1122 2603 dominus
1132 2522 1206 2618 Ψ
1219 2522 1271 2577 ψ’
1290 2522 1337 2565 '¹¹⁰²

136 2642 285 2706 donaret
306 2640 375 2704 sibi
394 2642 578 2705 meliorem
601 2641 878 2726 possessionem,
902 2641 1039 2706 scilicet
1054 2642 1122 2707 vir·

1181 2586 1288 2681 tell?
1301 2574 1328 2618 ⁰‘

136 2755 248 2810 tutem
271 2745 424 2810 faciendi
446 2745 622 2818 miracula,
646 2744 697 2808 sic
721 2747 818 2828 quod
843 2756 986 2812 curatus
1003 2747 1122 2811 dIcere

134 2848 251 2931 possit
273 2870 351 2915 cum
367 2851 491 2914 Petro:
520 2849 618 2932 Quod
638 2855 755 2913 autem
770 2850 884 2931 habeo,
906 2851 967 2914 hoc
987 2852 1046 2915 ribi
1067 2854 1122 2934 do,

136 2953 272 3018 scilicet
302 2955 504 3028 sanitatem;
536 2954 596 3037 qui
628 2954 721 3018 enim
746 2956 856 3018 habet
878 2955 1047 3018 virtutem
1070 2960 1121 3019 s'a·

98 3057 248 3138 asnandi,
279 3059 390 3122 habet
420 3059 497 3122 eius
519 3058 681 3138 fructum,
714 3058 800 3122 lIcet
823 3078 894 3121 non
918 3058 1121 3123 formaliter.

136 3160 223 3225 Cum
259 3161 369 3245 igitur
404 3163 473 3227 iste
510 3163 642 3246 gradus
676 3163 830 3227 caritatis
862 3162 958 3227 foret
989 3163 1120 3228 vicario

134 3266 232 3329 Petri
268 3266 450 3349 possibilis
489 3276 527 3330 et
564 3269 607 3330 ab
641 3267 702 3331 illo
736 3267 858 3331 deficit
888 3266 925 3331 in
956 3287 1120 3351 magnum

135 3370 323 3453 dampnum
356 3370 518 3453 ecclesie,
551 3370 694 3435 videtur
724 3373 821 3454 quod
847 3381 999 3456 propter
1021 3371 1120 3435 dissi·

134 3473 363 3537 militudinem
395 3496 468 3538 non
500 3475 547 3539 sit
572 3474 668 3539 Petri
702 3475 854 3542 vicarius
888 3487 925 3540 et
948 3496 1016 3558 per
1038 3495 1121 3539 con·

97 3588 126 3638 30
136 3597 288 3661 sequens
311 3599 427 3662 neque
450 3580 565 3647 heres.

176 3683 222 3747 Et
244 3693 412 3765 quantum
440 3685 483 3747 ad
509 3688 637 3749 beatos
661 3684 881 3759 Silvestrem,
906 3685 1119 3770 Gregorium
1149 3694 1320 3794 {333352235

133 3796 170 3850 et
192 3785 324 3851 similes
348 3786 476 3851 dicitur
498 3789 688 3875 quodcum
711 3809 806 3873 pena
824 3791 1025 3855 habuerunt
1045 3800 1119 3855 tan·
1176 3801 1291 3859 cregory.

133 3899 206 3954 tum
237 3893 424 3955 tumultum
456 3893 701 3976 temporalium
735 3894 1019 3977 exproprietarie
1051 3916 1119 3979 per

185 4144 218 4178 ro.
232 4132 304 4188 qum,-
317 4133 401 4177 codd:
416 4134 519 4189 quanm
583 4132 617 4188 13,
634 4144 667 4186 14.
683 4132 712 4177 B:
726 4132 791 4176 modi
802 4133 875 4176 deest.
930 4132 969 4177 23.
983 4132 1072 4178 codd:
1087 4135 1118 4177 do

132 4201 203 4246 deest.

183 4325 209 4377 6.
228 4328 244 4380 l.
264 4328 333 4381 Petr.
349 4329 380 4386 V,
400 4339 424 4391 3.
499 4344 536 4379 ιο.
557 4328 596 4381 Cf.
616 4330 705 4379 lluseii
724 4328 794 4394 Opp.
816 4325 886 4381 212⁶.
