<?xml version="1.0" encoding="UTF-8"?>
<!DOCTYPE html PUBLIC "-//W3C//DTD XHTML 1.0 Transitional//EN"
    "http://www.w3.org/TR/xhtml1/DTD/xhtml1-transitional.dtd">
<html xmlns="http://www.w3.org/1999/xhtml" xml:lang="en" lang="en">
 <head>
  <title>
</title>
<meta http-equiv="Content-Type" content="text/html;charset=utf-8" />
  <meta name='ocr-system' content='tesseract 3.04.00' />
  <meta name='ocr-capabilities' content='ocr_page ocr_carea ocr_par ocr_line ocrx_word'/>
</head>
<body>
  <div class='ocr_page' id='page_1' title='image "./johanniswyclift00mattgoog_0304.png"; bbox 0 0 3008 5026; ppageno 0'>
   <div class='ocr_carea' id='block_1_1' title="bbox 201 363 892 454">
    <p class='ocr_par' dir='ltr' id='par_1_1' title="bbox 201 363 892 454">
     <span class='ocr_line' id='line_1_1' title="bbox 201 363 892 454; baseline 0.019 -30"><span class='ocrx_word' id='word_1_1' title='bbox 201 380 269 426; x_wconf 75' lang='lat' dir='ltr'>civ.</span> <span class='ocrx_word' id='word_1_2' title='bbox 284 363 326 454; x_wconf 87' lang='lat' dir='ltr'>x.]</span> <span class='ocrx_word' id='word_1_3' title='bbox 499 385 544 436; x_wconf 78' lang='lat' dir='ltr'>os</span> <span class='ocrx_word' id='word_1_4' title='bbox 564 383 775 437; x_wconf 66' lang='lat' dir='ltr'>potestate</span> <span class='ocrx_word' id='word_1_5' title='bbox 794 385 892 437; x_wconf 73' lang='lat' dir='ltr'>ries.</span> 
     </span>
    </p>
   </div>
   <div class='ocr_carea' id='block_1_2' title="bbox 176 540 1363 1356">
    <p class='ocr_par' dir='ltr' id='par_1_2' title="bbox 199 540 1188 833">
     <span class='ocr_line' id='line_1_2' title="bbox 199 540 1187 626; baseline 0 -19"><span class='ocrx_word' id='word_1_6' title='bbox 199 544 326 607; x_wconf 86' lang='lat' dir='ltr'>beatus</span> <span class='ocrx_word' id='word_1_7' title='bbox 359 540 557 626; x_wconf 82' lang='lat' dir='ltr'>Gregorius</span> <span class='ocrx_word' id='word_1_8' title='bbox 594 543 773 625; x_wconf 81' lang='lat' dir='ltr'>percussit</span> <span class='ocrx_word' id='word_1_9' title='bbox 809 542 877 606; x_wconf 90' lang='lat' dir='ltr'>iam</span> <span class='ocrx_word' id='word_1_10' title='bbox 914 552 1073 607; x_wconf 90' lang='lat' dir='ltr'>mortuus</span> <span class='ocrx_word' id='word_1_11' title='bbox 1110 564 1187 607; x_wconf 89' lang='lat' dir='ltr'>suc-</span> 
     </span>
     <span class='ocr_line' id='line_1_3' title="bbox 201 647 1188 730; baseline 0.001 -19"><span class='ocrx_word' id='word_1_12' title='bbox 201 666 382 711; x_wconf 80' lang='lat' dir='ltr'><strong>cessorem</strong></span> <span class='ocrx_word' id='word_1_13' title='bbox 409 666 512 710; x_wconf 90' lang='lat' dir='ltr'>suum</span> <span class='ocrx_word' id='word_1_14' title='bbox 541 667 655 730; x_wconf 91' lang='lat' dir='ltr'>usque</span> <span class='ocrx_word' id='word_1_15' title='bbox 684 649 728 711; x_wconf 90' lang='lat' dir='ltr'>ad</span> <span class='ocrx_word' id='word_1_16' title='bbox 751 656 910 724; x_wconf 86' lang='lat' dir='ltr'>mortem,</span> <span class='ocrx_word' id='word_1_17' title='bbox 938 657 978 711; x_wconf 91' lang='lat' dir='ltr'>ut</span> <span class='ocrx_word' id='word_1_18' title='bbox 1003 647 1188 714; x_wconf 89' lang='lat' dir='ltr'>recitatum</span> 
     </span>
     <span class='ocr_line' id='line_1_4' title="bbox 201 749 469 833; baseline 0.007 -20"><span class='ocrx_word' id='word_1_19' title='bbox 201 759 256 815; x_wconf 91' lang='lat' dir='ltr'>est</span> <span class='ocrx_word' id='word_1_20' title='bbox 278 749 368 814; x_wconf 93' lang='lat' dir='ltr'>VIII</span> <span class='ocrx_word' id='word_1_21' title='bbox 393 770 469 833; x_wconf 80' lang='lat' dir='ltr'>cap.</span> 
     </span>
    </p>

    <p class='ocr_par' dir='ltr' id='par_1_3' title="bbox 176 854 1188 1236">
     <span class='ocr_line' id='line_1_5' title="bbox 243 854 1188 939; baseline -0.001 -19"><span class='ocrx_word' id='word_1_22' title='bbox 243 854 318 920; x_wconf 88' lang='lat' dir='ltr'>Sed</span> <span class='ocrx_word' id='word_1_23' title='bbox 341 855 491 919; x_wconf 88' lang='lat' dir='ltr'>instatur</span> <span class='ocrx_word' id='word_1_24' title='bbox 515 857 612 938; x_wconf 92' lang='lat' dir='ltr'>quod</span> <span class='ocrx_word' id='word_1_25' title='bbox 635 855 721 919; x_wconf 91' lang='lat' dir='ltr'>dicti</span> <span class='ocrx_word' id='word_1_26' title='bbox 744 856 857 920; x_wconf 85' lang='lat' dir='ltr'>sancti</span> <span class='ocrx_word' id='word_1_27' title='bbox 885 876 956 920; x_wconf 93' lang='lat' dir='ltr'>non</span> <span class='ocrx_word' id='word_1_28' title='bbox 979 857 1188 939; x_wconf 88' lang='lat' dir='ltr'>penitebant</span> 
     </span>
     <span class='ocr_line' id='line_1_6' title="bbox 176 958 1188 1043; baseline 0.005 -24"><span class='ocrx_word' id='word_1_29' title='bbox 176 961 244 1023; x_wconf 69' lang='lat' dir='ltr'>§de</span> <span class='ocrx_word' id='word_1_30' title='bbox 268 959 345 1023; x_wconf 91' lang='lat' dir='ltr'>istis</span> <span class='ocrx_word' id='word_1_31' title='bbox 361 958 520 1043; x_wconf 91' lang='lat' dir='ltr'>peccatis</span> <span class='ocrx_word' id='word_1_32' title='bbox 536 959 688 1024; x_wconf 89' lang='lat' dir='ltr'>finaliter</span> <span class='ocrx_word' id='word_1_33' title='bbox 703 979 771 1023; x_wconf 90' lang='lat' dir='ltr'>nec</span> <span class='ocrx_word' id='word_1_34' title='bbox 790 971 1004 1025; x_wconf 89' lang='lat' dir='ltr'>revocarunt</span> <span class='ocrx_word' id='word_1_35' title='bbox 1020 980 1188 1039; x_wconf 88' lang='lat' dir='ltr'>errorem,</span> 
     </span>
     <span class='ocr_line' id='line_1_7' title="bbox 200 1064 1187 1148; baseline 0 -21"><span class='ocrx_word' id='word_1_36' title='bbox 200 1064 264 1129; x_wconf 89' lang='lat' dir='ltr'>sed</span> <span class='ocrx_word' id='word_1_37' title='bbox 296 1065 423 1148; x_wconf 89' lang='lat' dir='ltr'>pocius</span> <span class='ocrx_word' id='word_1_38' title='bbox 455 1073 632 1147; x_wconf 89' lang='lat' dir='ltr'>tamquam</span> <span class='ocrx_word' id='word_1_39' title='bbox 664 1064 877 1128; x_wconf 90' lang='lat' dir='ltr'>meritoriam</span> <span class='ocrx_word' id='word_1_40' title='bbox 916 1074 1091 1129; x_wconf 90' lang='lat' dir='ltr'>auxerunt</span> <span class='ocrx_word' id='word_1_41' title='bbox 1128 1064 1187 1128; x_wconf 92' lang='lat' dir='ltr'>do·</span> 
     </span>
     <span class='ocr_line' id='line_1_8' title="bbox 199 1170 384 1236; baseline 0.011 -3"><span class='ocrx_word' id='word_1_42' title='bbox 199 1170 384 1236; x_wconf 88' lang='lat' dir='ltr'>tacionem.</span> 
     </span>
    </p>

    <p class='ocr_par' dir='ltr' id='par_1_4' title="bbox 243 1272 1363 1356">
     <span class='ocr_line' id='line_1_9' title="bbox 243 1272 1363 1356; baseline 0 -20"><span class='ocrx_word' id='word_1_43' title='bbox 243 1273 311 1337; x_wconf 89' lang='lat' dir='ltr'>Hic</span> <span class='ocrx_word' id='word_1_44' title='bbox 335 1273 463 1337; x_wconf 90' lang='lat' dir='ltr'>dicitur</span> <span class='ocrx_word' id='word_1_45' title='bbox 486 1274 584 1356; x_wconf 92' lang='lat' dir='ltr'>quod</span> <span class='ocrx_word' id='word_1_46' title='bbox 606 1273 694 1337; x_wconf 88' lang='lat' dir='ltr'>false</span> <span class='ocrx_word' id='word_1_47' title='bbox 718 1272 907 1337; x_wconf 83' lang='lat' dir='ltr'>assumitur</span> <span class='ocrx_word' id='word_1_48' title='bbox 933 1293 1001 1338; x_wconf 88' lang='lat' dir='ltr'>nec</span> <span class='ocrx_word' id='word_1_49' title='bbox 1024 1292 1187 1356; x_wconf 89' lang='lat' dir='ltr'>umquam</span> <span class='ocrx_word' id='word_1_50' title='bbox 1239 1288 1285 1334; x_wconf 75' lang='lat' dir='ltr'>We</span> <span class='ocrx_word' id='word_1_51' title='bbox 1299 1297 1363 1336; x_wconf 77' lang='lat' dir='ltr'>mun</span> 
     </span>
    </p>
   </div>
   <div class='ocr_carea' id='block_1_3' title="bbox 199 1342 1401 1463">
    <p class='ocr_par' dir='ltr' id='par_1_5' title="bbox 199 1342 1401 1463">
     <span class='ocr_line' id='line_1_10' title="bbox 199 1342 1401 1463; baseline -0.001 -23"><span class='ocrx_word' id='word_1_52' title='bbox 199 1378 419 1461; x_wconf 82' lang='lat' dir='ltr'>probabitur,</span> <span class='ocrx_word' id='word_1_53' title='bbox 452 1398 535 1461; x_wconf 92' lang='lat' dir='ltr'>ymo</span> <span class='ocrx_word' id='word_1_54' title='bbox 569 1379 682 1443; x_wconf 87' lang='lat' dir='ltr'>sancti</span> <span class='ocrx_word' id='word_1_55' title='bbox 713 1387 752 1443; x_wconf 91' lang='lat' dir='ltr'>ut</span> <span class='ocrx_word' id='word_1_56' title='bbox 774 1378 923 1443; x_wconf 86' lang='lat' dir='ltr'>remisse</span> <span class='ocrx_word' id='word_1_57' title='bbox 946 1387 1187 1463; x_wconf 89' lang='lat' dir='ltr'>perceperunt</span> <span class='ocrx_word' id='word_1_58' title='bbox 1200 1342 1401 1440; x_wconf 56' lang='lat' dir='ltr'>b⁰¹iiiiii¹¹=iii¹²</span> 
     </span>
    </p>
   </div>
   <div class='ocr_carea' id='block_1_4' title="bbox 106 1450 1375 3865">
    <p class='ocr_par' dir='ltr' id='par_1_6' title="bbox 159 1450 1375 1983">
     <span class='ocr_line' id='line_1_11' title="bbox 159 1450 1375 1547; baseline 0 -3"><span class='ocrx_word' id='word_1_59' title='bbox 159 1502 355 1546; x_wconf 74' lang='lat' dir='ltr'>roerrorem</span> <span class='ocrx_word' id='word_1_60' title='bbox 387 1483 438 1545; x_wconf 92' lang='lat' dir='ltr'>sic</span> <span class='ocrx_word' id='word_1_61' title='bbox 469 1482 617 1546; x_wconf 83' lang='lat' dir='ltr'>remisse</span> <span class='ocrx_word' id='word_1_62' title='bbox 649 1484 854 1547; x_wconf 87' lang='lat' dir='ltr'>laborarunt</span> <span class='ocrx_word' id='word_1_63' title='bbox 882 1484 926 1546; x_wconf 86' lang='lat' dir='ltr'>ad</span> <span class='ocrx_word' id='word_1_64' title='bbox 951 1482 1027 1547; x_wconf 87' lang='lat' dir='ltr'>eIus</span> <span class='ocrx_word' id='word_1_65' title='bbox 1051 1482 1185 1547; x_wconf 90' lang='lat' dir='ltr'>extinc·</span> <span class='ocrx_word' id='word_1_66' title='bbox 1223 1450 1375 1545; x_wconf 49' lang='lat' dir='ltr'>&amp;iiiiii</span> 
     </span>
     <span class='ocr_line' id='line_1_12' title="bbox 199 1552 1359 1663; baseline 0 -13"><span class='ocrx_word' id='word_1_67' title='bbox 199 1587 347 1663; x_wconf 90' lang='lat' dir='ltr'>cionem,</span> <span class='ocrx_word' id='word_1_68' title='bbox 379 1595 417 1650; x_wconf 91' lang='lat' dir='ltr'>ut</span> <span class='ocrx_word' id='word_1_69' title='bbox 449 1589 574 1652; x_wconf 91' lang='lat' dir='ltr'>beatus</span> <span class='ocrx_word' id='word_1_70' title='bbox 599 1587 834 1651; x_wconf 89' lang='lat' dir='ltr'>Possidonius</span> <span class='ocrx_word' id='word_1_71' title='bbox 866 1595 983 1651; x_wconf 90' lang='lat' dir='ltr'>narrat</span> <span class='ocrx_word' id='word_1_72' title='bbox 1011 1588 1056 1650; x_wconf 90' lang='lat' dir='ltr'>de</span> <span class='ocrx_word' id='word_1_73' title='bbox 1079 1589 1187 1650; x_wconf 90' lang='lat' dir='ltr'>beato</span> <span class='ocrx_word' id='word_1_74' title='bbox 1242 1552 1359 1608; x_wconf 58' lang='lat' dir='ltr'>reparer.</span> 
     </span>
     <span class='ocr_line' id='line_1_13' title="bbox 197 1691 1186 1774; baseline 0 -20"><span class='ocrx_word' id='word_1_75' title='bbox 197 1691 413 1774; x_wconf 77' lang='lat' dir='ltr'>Angustiae,</span> <span class='ocrx_word' id='word_1_76' title='bbox 447 1691 627 1774; x_wconf 93' lang='lat' dir='ltr'>quomodo</span> <span class='ocrx_word' id='word_1_77' title='bbox 652 1691 792 1773; x_wconf 84' lang='lat' dir='ltr'>rogavit</span> <span class='ocrx_word' id='word_1_78' title='bbox 820 1691 918 1755; x_wconf 89' lang='lat' dir='ltr'>cives</span> <span class='ocrx_word' id='word_1_79' title='bbox 942 1712 1037 1769; x_wconf 92' lang='lat' dir='ltr'>suos,</span> <span class='ocrx_word' id='word_1_80' title='bbox 1070 1700 1109 1756; x_wconf 94' lang='lat' dir='ltr'>ut</span> <span class='ocrx_word' id='word_1_81' title='bbox 1133 1711 1186 1754; x_wconf 90' lang='lat' dir='ltr'>ca·</span> 
     </span>
     <span class='ocr_line' id='line_1_14' title="bbox 198 1796 1186 1879; baseline 0 -20"><span class='ocrx_word' id='word_1_82' title='bbox 198 1805 326 1879; x_wconf 90' lang='lat' dir='ltr'>perent</span> <span class='ocrx_word' id='word_1_83' title='bbox 342 1796 596 1878; x_wconf 89' lang='lat' dir='ltr'>possessiones</span> <span class='ocrx_word' id='word_1_84' title='bbox 619 1816 707 1878; x_wconf 91' lang='lat' dir='ltr'>quas</span> <span class='ocrx_word' id='word_1_85' title='bbox 724 1796 792 1860; x_wconf 91' lang='lat' dir='ltr'>sibi</span> <span class='ocrx_word' id='word_1_86' title='bbox 817 1807 854 1860; x_wconf 90' lang='lat' dir='ltr'>et</span> <span class='ocrx_word' id='word_1_87' title='bbox 877 1797 984 1861; x_wconf 93' lang='lat' dir='ltr'>sociis</span> <span class='ocrx_word' id='word_1_88' title='bbox 1007 1796 1081 1862; x_wconf 91' lang='lat' dir='ltr'>suis</span> <span class='ocrx_word' id='word_1_89' title='bbox 1105 1815 1186 1860; x_wconf 91' lang='lat' dir='ltr'>con-</span> 
     </span>
     <span class='ocr_line' id='line_1_15' title="bbox 198 1900 1186 1983; baseline 0.002 -21"><span class='ocrx_word' id='word_1_90' title='bbox 198 1901 365 1977; x_wconf 90' lang='lat' dir='ltr'>tulerunt,</span> <span class='ocrx_word' id='word_1_91' title='bbox 389 1909 429 1963; x_wconf 91' lang='lat' dir='ltr'>ut</span> <span class='ocrx_word' id='word_1_92' title='bbox 444 1900 586 1983; x_wconf 89' lang='lat' dir='ltr'>possint</span> <span class='ocrx_word' id='word_1_93' title='bbox 602 1921 691 1983; x_wconf 87' lang='lat' dir='ltr'>pure</span> <span class='ocrx_word' id='word_1_94' title='bbox 716 1901 839 1964; x_wconf 90' lang='lat' dir='ltr'>vivere</span> <span class='ocrx_word' id='word_1_95' title='bbox 857 1903 901 1964; x_wconf 88' lang='lat' dir='ltr'>de</span> <span class='ocrx_word' id='word_1_96' title='bbox 918 1911 1015 1967; x_wconf 89' lang='lat' dir='ltr'>sorte</span> <span class='ocrx_word' id='word_1_97' title='bbox 1031 1900 1186 1977; x_wconf 88' lang='lat' dir='ltr'>Domini,</span> 
     </span>
    </p>

    <p class='ocr_par' dir='ltr' id='par_1_7' title="bbox 158 2004 1186 2507">
     <span class='ocr_line' id='line_1_16' title="bbox 158 2004 1186 2088; baseline 0.004 -23"><span class='ocrx_word' id='word_1_98' title='bbox 158 2012 372 2088; x_wconf 52' lang='lat' dir='ltr'>&amp;tamquam</span> <span class='ocrx_word' id='word_1_99' title='bbox 405 2004 535 2082; x_wconf 88' lang='lat' dir='ltr'>clerici,</span> <span class='ocrx_word' id='word_1_100' title='bbox 558 2005 651 2068; x_wconf 93' lang='lat' dir='ltr'>sicut</span> <span class='ocrx_word' id='word_1_101' title='bbox 674 2005 842 2069; x_wconf 87' lang='lat' dir='ltr'>vixerunt</span> <span class='ocrx_word' id='word_1_102' title='bbox 872 2005 908 2068; x_wconf 95' lang='lat' dir='ltr'>in</span> <span class='ocrx_word' id='word_1_103' title='bbox 936 2005 1050 2069; x_wconf 88' lang='lat' dir='ltr'>veteri</span> <span class='ocrx_word' id='word_1_104' title='bbox 1081 2013 1186 2068; x_wconf 84' lang='lat' dir='ltr'>testa·</span> 
     </span>
     <span class='ocr_line' id='line_1_17' title="bbox 198 2109 1185 2193; baseline 0 -21"><span class='ocrx_word' id='word_1_105' title='bbox 198 2118 328 2173; x_wconf 89' lang='lat' dir='ltr'>mento.</span> <span class='ocrx_word' id='word_1_106' title='bbox 352 2109 399 2174; x_wconf 91' lang='lat' dir='ltr'>Et</span> <span class='ocrx_word' id='word_1_107' title='bbox 422 2109 473 2173; x_wconf 92' lang='lat' dir='ltr'>sic</span> <span class='ocrx_word' id='word_1_108' title='bbox 500 2109 642 2174; x_wconf 91' lang='lat' dir='ltr'>videtur</span> <span class='ocrx_word' id='word_1_109' title='bbox 664 2110 769 2174; x_wconf 90' lang='lat' dir='ltr'>michi</span> <span class='ocrx_word' id='word_1_110' title='bbox 793 2112 891 2193; x_wconf 92' lang='lat' dir='ltr'>quod</span> <span class='ocrx_word' id='word_1_111' title='bbox 915 2110 1034 2175; x_wconf 86' lang='lat' dir='ltr'>clerici</span> <span class='ocrx_word' id='word_1_112' title='bbox 1054 2120 1090 2174; x_wconf 89' lang='lat' dir='ltr'>et</span> <span class='ocrx_word' id='word_1_113' title='bbox 1107 2110 1185 2174; x_wconf 86' lang='lat' dir='ltr'>reli·</span> 
     </span>
     <span class='ocr_line' id='line_1_18' title="bbox 198 2214 1186 2299; baseline 0 -22"><span class='ocrx_word' id='word_1_114' title='bbox 198 2214 291 2299; x_wconf 84' lang='lat' dir='ltr'>giosi</span> <span class='ocrx_word' id='word_1_115' title='bbox 314 2214 571 2297; x_wconf 87' lang='lat' dir='ltr'>possessionati</span> <span class='ocrx_word' id='word_1_116' title='bbox 593 2216 629 2278; x_wconf 94' lang='lat' dir='ltr'>in</span> <span class='ocrx_word' id='word_1_117' title='bbox 645 2214 713 2279; x_wconf 89' lang='lat' dir='ltr'>ista</span> <span class='ocrx_word' id='word_1_118' title='bbox 729 2215 1023 2299; x_wconf 88' lang='lat' dir='ltr'>appropriacione</span> <span class='ocrx_word' id='word_1_119' title='bbox 1048 2225 1085 2278; x_wconf 87' lang='lat' dir='ltr'>et</span> <span class='ocrx_word' id='word_1_120' title='bbox 1106 2233 1186 2298; x_wconf 94' lang='lat' dir='ltr'>pro·</span> 
     </span>
     <span class='ocr_line' id='line_1_19' title="bbox 197 2318 1186 2404; baseline 0.001 -22"><span class='ocrx_word' id='word_1_121' title='bbox 197 2318 317 2400; x_wconf 90' lang='lat' dir='ltr'>posito</span> <span class='ocrx_word' id='word_1_122' title='bbox 342 2319 561 2384; x_wconf 90' lang='lat' dir='ltr'>decedentes</span> <span class='ocrx_word' id='word_1_123' title='bbox 586 2318 661 2383; x_wconf 92' lang='lat' dir='ltr'>sine</span> <span class='ocrx_word' id='word_1_124' title='bbox 685 2319 866 2384; x_wconf 87' lang='lat' dir='ltr'>fructuosa</span> <span class='ocrx_word' id='word_1_125' title='bbox 884 2318 1088 2404; x_wconf 89' lang='lat' dir='ltr'>penitencia</span> <span class='ocrx_word' id='word_1_126' title='bbox 1104 2326 1186 2383; x_wconf 91' lang='lat' dir='ltr'>sunt</span> 
     </span>
     <span class='ocr_line' id='line_1_20' title="bbox 198 2422 1186 2507; baseline 0 -23"><span class='ocrx_word' id='word_1_127' title='bbox 198 2423 400 2503; x_wconf 87' lang='lat' dir='ltr'>damnandi;</span> <span class='ocrx_word' id='word_1_128' title='bbox 424 2432 460 2486; x_wconf 92' lang='lat' dir='ltr'>et</span> <span class='ocrx_word' id='word_1_129' title='bbox 482 2424 573 2487; x_wconf 84' lang='lat' dir='ltr'>hanc</span> <span class='ocrx_word' id='word_1_130' title='bbox 592 2443 675 2487; x_wconf 91' lang='lat' dir='ltr'>reor</span> <span class='ocrx_word' id='word_1_131' title='bbox 689 2424 876 2500; x_wconf 85' lang='lat' dir='ltr'>racionem,</span> <span class='ocrx_word' id='word_1_132' title='bbox 900 2444 1009 2507; x_wconf 89' lang='lat' dir='ltr'>quare</span> <span class='ocrx_word' id='word_1_133' title='bbox 1025 2422 1186 2487; x_wconf 89' lang='lat' dir='ltr'>Christus</span> 
     </span>
    </p>

    <p class='ocr_par' dir='ltr' id='par_1_8' title="bbox 154 2525 1186 3030">
     <span class='ocr_line' id='line_1_21' title="bbox 154 2525 1186 2610; baseline 0.001 -22"><span class='ocrx_word' id='word_1_134' title='bbox 154 2551 187 2584; x_wconf 85' lang='lat'>20</span> <span class='ocrx_word' id='word_1_135' title='bbox 199 2527 322 2592; x_wconf 88' lang='lat' dir='ltr'>Matth.</span> <span class='ocrx_word' id='word_1_136' title='bbox 345 2525 488 2602; x_wconf 86' lang='lat' dir='ltr'>XXIV,</span> <span class='ocrx_word' id='word_1_137' title='bbox 505 2548 541 2590; x_wconf 91' lang='lat'>21</span> <span class='ocrx_word' id='word_1_138' title='bbox 570 2525 668 2591; x_wconf 90' lang='lat' dir='ltr'>dicit:</span> <span class='ocrx_word' id='word_1_139' title='bbox 691 2529 760 2590; x_wconf 92' lang='lat' dir='ltr'>hoc</span> <span class='ocrx_word' id='word_1_140' title='bbox 784 2536 925 2610; x_wconf 87' lang='lat' dir='ltr'>tempus</span> <span class='ocrx_word' id='word_1_141' title='bbox 950 2547 1030 2591; x_wconf 87' lang='lat' dir='ltr'>esse</span> <span class='ocrx_word' id='word_1_142' title='bbox 1049 2536 1186 2592; x_wconf 89' lang='lat' dir='ltr'>tantum</span> 
     </span>
     <span class='ocr_line' id='line_1_22' title="bbox 196 2630 1186 2716; baseline 0.001 -23"><span class='ocrx_word' id='word_1_143' title='bbox 196 2630 376 2708; x_wconf 86' lang='lat' dir='ltr'>horribile,</span> <span class='ocrx_word' id='word_1_144' title='bbox 392 2651 464 2696; x_wconf 91' lang='lat' dir='ltr'>non</span> <span class='ocrx_word' id='word_1_145' title='bbox 481 2641 631 2715; x_wconf 88' lang='lat' dir='ltr'>propter</span> <span class='ocrx_word' id='word_1_146' title='bbox 651 2632 920 2697; x_wconf 88' lang='lat' dir='ltr'>tribulacionem</span> <span class='ocrx_word' id='word_1_147' title='bbox 937 2632 1100 2716; x_wconf 90' lang='lat' dir='ltr'>corporis</span> <span class='ocrx_word' id='word_1_148' title='bbox 1121 2630 1186 2695; x_wconf 90' lang='lat' dir='ltr'>sed</span> 
     </span>
     <span class='ocr_line' id='line_1_23' title="bbox 198 2735 1185 2820; baseline 0.002 -22"><span class='ocrx_word' id='word_1_149' title='bbox 198 2735 493 2800; x_wconf 89' lang='lat' dir='ltr'>animeinfinitum</span> <span class='ocrx_word' id='word_1_150' title='bbox 503 2737 683 2815; x_wconf 85' lang='lat' dir='ltr'>malorem,</span> <span class='ocrx_word' id='word_1_151' title='bbox 694 2738 788 2801; x_wconf 91' lang='lat' dir='ltr'>unde</span> <span class='ocrx_word' id='word_1_152' title='bbox 798 2738 997 2820; x_wconf 91' lang='lat' dir='ltr'>Apostolus</span> <span class='ocrx_word' id='word_1_153' title='bbox 1008 2735 1185 2819; x_wconf 78' lang='lat' dir='ltr'>II.Thym.</span> 
     </span>
     <span class='ocr_line' id='line_1_24' title="bbox 197 2839 1184 2924; baseline 0.002 -22"><span class='ocrx_word' id='word_1_154' title='bbox 197 2839 261 2915; x_wconf 84' lang='grc' dir='ltr'>ΙΙΙ,</span> <span class='ocrx_word' id='word_1_155' title='bbox 285 2862 308 2918; x_wconf 86' lang='lat'>1,</span> <span class='ocrx_word' id='word_1_156' title='bbox 334 2861 349 2903; x_wconf 93' lang='lat'>2</span> <span class='ocrx_word' id='word_1_157' title='bbox 377 2841 509 2919; x_wconf 86' lang='lat' dir='ltr'>dicens,</span> <span class='ocrx_word' id='word_1_158' title='bbox 538 2844 636 2924; x_wconf 90' lang='lat' dir='ltr'>quod</span> <span class='ocrx_word' id='word_1_159' title='bbox 663 2844 837 2906; x_wconf 70' lang='lat' dir='ltr'>instabant</span> <span class='ocrx_word' id='word_1_160' title='bbox 863 2848 1019 2924; x_wconf 80' lang='lat' dir='ltr'>tempora</span> <span class='ocrx_word' id='word_1_161' title='bbox 1043 2843 1184 2923; x_wconf 83' lang='lat' dir='ltr'>pericu·</span> 
     </span>
     <span class='ocr_line' id='line_1_25' title="bbox 196 2946 1185 3030; baseline 0 -22"><span class='ocrx_word' id='word_1_162' title='bbox 196 2948 281 3023; x_wconf 86' lang='lat' dir='ltr'>losa,</span> <span class='ocrx_word' id='word_1_163' title='bbox 308 2946 465 3010; x_wconf 86' lang='lat' dir='ltr'>annectit</span> <span class='ocrx_word' id='word_1_164' title='bbox 487 2956 662 3030; x_wconf 90' lang='lat' dir='ltr'>tamquam</span> <span class='ocrx_word' id='word_1_165' title='bbox 686 2947 825 3029; x_wconf 88' lang='lat' dir='ltr'>signum</span> <span class='ocrx_word' id='word_1_166' title='bbox 850 2956 887 3010; x_wconf 91' lang='lat' dir='ltr'>et</span> <span class='ocrx_word' id='word_1_167' title='bbox 910 2966 1050 3011; x_wconf 87' lang='lat' dir='ltr'>causam</span> <span class='ocrx_word' id='word_1_168' title='bbox 1074 2946 1185 3028; x_wconf 89' lang='lat' dir='ltr'>preci·</span> 
     </span>
    </p>

    <p class='ocr_par' dir='ltr' id='par_1_9' title="bbox 154 3049 1186 3552">
     <span class='ocr_line' id='line_1_26' title="bbox 154 3049 1185 3134; baseline 0.006 -26"><span class='ocrx_word' id='word_1_169' title='bbox 154 3057 317 3132; x_wconf 78' lang='lat' dir='ltr'>25puam:</span> <span class='ocrx_word' id='word_1_170' title='bbox 346 3049 467 3124; x_wconf 80' lang='lat' dir='ltr'>Erunt,</span> <span class='ocrx_word' id='word_1_171' title='bbox 501 3051 625 3134; x_wconf 84' lang='lat' dir='ltr'>inquit,</span> <span class='ocrx_word' id='word_1_172' title='bbox 657 3053 811 3116; x_wconf 83' lang='lat' dir='ltr'>homines</span> <span class='ocrx_word' id='word_1_173' title='bbox 837 3072 873 3116; x_wconf 81' lang='lat' dir='ltr'>se</span> <span class='ocrx_word' id='word_1_174' title='bbox 900 3053 993 3134; x_wconf 81' lang='lat' dir='ltr'>ipsos</span> <span class='ocrx_word' id='word_1_175' title='bbox 1019 3056 1185 3114; x_wconf 78' lang='lat' dir='ltr'>amantes</span> 
     </span>
     <span class='ocr_line' id='line_1_27' title="bbox 197 3153 1186 3238; baseline 0.003 -22"><span class='ocrx_word' id='word_1_176' title='bbox 197 3155 384 3236; x_wconf 89' lang='lat' dir='ltr'>Dyabolus</span> <span class='ocrx_word' id='word_1_177' title='bbox 408 3155 500 3218; x_wconf 92' lang='lat' dir='ltr'>enim</span> <span class='ocrx_word' id='word_1_178' title='bbox 524 3175 570 3217; x_wconf 86' lang='lat' dir='ltr'>ex</span> <span class='ocrx_word' id='word_1_179' title='bbox 594 3155 789 3238; x_wconf 89' lang='lat' dir='ltr'>cupiditate</span> <span class='ocrx_word' id='word_1_180' title='bbox 814 3155 1060 3238; x_wconf 90' lang='lat' dir='ltr'>temporalium</span> <span class='ocrx_word' id='word_1_181' title='bbox 1080 3153 1186 3219; x_wconf 91' lang='lat' dir='ltr'>trahit</span> 
     </span>
     <span class='ocr_line' id='line_1_28' title="bbox 196 3258 1185 3343; baseline 0.002 -23"><span class='ocrx_word' id='word_1_182' title='bbox 196 3258 367 3340; x_wconf 91' lang='lat' dir='ltr'>plurimos</span> <span class='ocrx_word' id='word_1_183' title='bbox 392 3261 435 3322; x_wconf 91' lang='lat' dir='ltr'>ad</span> <span class='ocrx_word' id='word_1_184' title='bbox 459 3260 642 3326; x_wconf 90' lang='lat' dir='ltr'>infernum.</span> <span class='ocrx_word' id='word_1_185' title='bbox 667 3259 788 3325; x_wconf 87' lang='lat' dir='ltr'>Sancti</span> <span class='ocrx_word' id='word_1_186' title='bbox 810 3261 918 3343; x_wconf 87' lang='lat' dir='ltr'>igitur</span> <span class='ocrx_word' id='word_1_187' title='bbox 939 3258 1185 3343; x_wconf 86' lang='lat' dir='ltr'>percipientes</span> 
     </span>
     <span class='ocr_line' id='line_1_29' title="bbox 197 3363 1185 3448; baseline 0.001 -23"><span class='ocrx_word' id='word_1_188' title='bbox 197 3364 320 3426; x_wconf 87' lang='lat' dir='ltr'>saltem</span> <span class='ocrx_word' id='word_1_189' title='bbox 353 3363 501 3427; x_wconf 86' lang='lat' dir='ltr'>confuse</span> <span class='ocrx_word' id='word_1_190' title='bbox 533 3365 636 3427; x_wconf 92' lang='lat' dir='ltr'>huius</span> <span class='ocrx_word' id='word_1_191' title='bbox 668 3364 809 3448; x_wconf 89' lang='lat' dir='ltr'>peccati</span> <span class='ocrx_word' id='word_1_192' title='bbox 840 3364 1021 3440; x_wconf 87' lang='lat' dir='ltr'>maliciam,</span> <span class='ocrx_word' id='word_1_193' title='bbox 1060 3364 1185 3428; x_wconf 90' lang='lat' dir='ltr'>saltem</span> 
     </span>
     <span class='ocr_line' id='line_1_30' title="bbox 198 3467 1185 3552; baseline 0.001 -22"><span class='ocrx_word' id='word_1_194' title='bbox 198 3467 345 3531; x_wconf 87' lang='lat' dir='ltr'>confuse</span> <span class='ocrx_word' id='word_1_195' title='bbox 362 3467 513 3532; x_wconf 90' lang='lat' dir='ltr'>finaliter</span> <span class='ocrx_word' id='word_1_196' title='bbox 538 3469 755 3551; x_wconf 82' lang='lat' dir='ltr'>penitebant</span> <span class='ocrx_word' id='word_1_197' title='bbox 779 3469 855 3533; x_wconf 91' lang='lat' dir='ltr'>Nos</span> <span class='ocrx_word' id='word_1_198' title='bbox 880 3479 995 3533; x_wconf 90' lang='lat' dir='ltr'>autem</span> <span class='ocrx_word' id='word_1_199' title='bbox 1015 3469 1077 3552; x_wconf 91' lang='lat' dir='ltr'>qui</span> <span class='ocrx_word' id='word_1_200' title='bbox 1103 3488 1185 3531; x_wconf 92' lang='lat' dir='ltr'>ocu·</span> 
     </span>
    </p>

    <p class='ocr_par' dir='ltr' id='par_1_10' title="bbox 106 3572 1184 3865">
     <span class='ocr_line' id='line_1_31' title="bbox 106 3572 1184 3655; baseline 0.006 -25"><span class='ocrx_word' id='word_1_201' title='bbox 106 3584 167 3629; x_wconf 70' lang='grc' dir='ltr'>υιο</span> <span class='ocrx_word' id='word_1_202' title='bbox 195 3574 266 3634; x_wconf 85' lang='lat' dir='ltr'>lata</span> <span class='ocrx_word' id='word_1_203' title='bbox 289 3572 359 3634; x_wconf 89' lang='lat' dir='ltr'>fide</span> <span class='ocrx_word' id='word_1_204' title='bbox 383 3572 600 3655; x_wconf 90' lang='lat' dir='ltr'>percipimus</span> <span class='ocrx_word' id='word_1_205' title='bbox 616 3574 719 3638; x_wconf 93' lang='lat' dir='ltr'>huius</span> <span class='ocrx_word' id='word_1_206' title='bbox 740 3576 745 3654; x_wconf 81' lang='grc' dir='ltr'>Ι</span> <span class='ocrx_word' id='word_1_207' title='bbox 765 3573 917 3638; x_wconf 89' lang='lat' dir='ltr'>avaricie</span> <span class='ocrx_word' id='word_1_208' title='bbox 933 3572 1184 3637; x_wconf 89' lang='lat' dir='ltr'>invalescentis</span> 
     </span>
     <span class='ocr_line' id='line_1_32' title="bbox 196 3676 1184 3761; baseline 0 -22"><span class='ocrx_word' id='word_1_209' title='bbox 196 3676 435 3760; x_wconf 80' lang='lat' dir='ltr'>gravedinem,</span> <span class='ocrx_word' id='word_1_210' title='bbox 464 3686 611 3760; x_wconf 89' lang='lat' dir='ltr'>oportet</span> <span class='ocrx_word' id='word_1_211' title='bbox 633 3678 797 3761; x_wconf 90' lang='lat' dir='ltr'>penitere</span> <span class='ocrx_word' id='word_1_212' title='bbox 821 3678 1028 3743; x_wconf 90' lang='lat' dir='ltr'>distinccius</span> <span class='ocrx_word' id='word_1_213' title='bbox 1055 3678 1100 3740; x_wconf 90' lang='lat' dir='ltr'>de</span> <span class='ocrx_word' id='word_1_214' title='bbox 1124 3677 1184 3740; x_wconf 89' lang='lat' dir='ltr'>tali</span> 
     </span>
     <span class='ocr_line' id='line_1_33' title="bbox 197 3780 1184 3865; baseline 0.001 -22"><span class='ocrx_word' id='word_1_215' title='bbox 197 3780 346 3844; x_wconf 87' lang='lat' dir='ltr'>avaricia</span> <span class='ocrx_word' id='word_1_216' title='bbox 378 3792 414 3846; x_wconf 87' lang='lat' dir='ltr'>et</span> <span class='ocrx_word' id='word_1_217' title='bbox 441 3782 583 3847; x_wconf 90' lang='lat' dir='ltr'>omnino</span> <span class='ocrx_word' id='word_1_218' title='bbox 608 3783 652 3846; x_wconf 89' lang='lat' dir='ltr'>de</span> <span class='ocrx_word' id='word_1_219' title='bbox 676 3803 855 3847; x_wconf 93' lang='lat' dir='ltr'>consensu</span> <span class='ocrx_word' id='word_1_220' title='bbox 878 3791 916 3848; x_wconf 88' lang='lat' dir='ltr'>et</span> <span class='ocrx_word' id='word_1_221' title='bbox 940 3781 1184 3865; x_wconf 89' lang='lat' dir='ltr'>correpcionis</span> 
     </span>
    </p>
   </div>
   <div class='ocr_carea' id='block_1_5' title="bbox 196 3885 899 3969">
    <p class='ocr_par' dir='ltr' id='par_1_11' title="bbox 196 3885 899 3969">
     <span class='ocr_line' id='line_1_34' title="bbox 196 3885 899 3969; baseline 0.006 -21"><span class='ocrx_word' id='word_1_222' title='bbox 196 3885 432 3969; x_wconf 82' lang='lat' dir='ltr'>negligencia,</span> <span class='ocrx_word' id='word_1_223' title='bbox 456 3887 486 3950; x_wconf 93' lang='lat' dir='ltr'>si</span> <span class='ocrx_word' id='word_1_224' title='bbox 508 3888 672 3951; x_wconf 91' lang='lat' dir='ltr'>volumus</span> <span class='ocrx_word' id='word_1_225' title='bbox 696 3908 777 3951; x_wconf 91' lang='lat' dir='ltr'>esse</span> <span class='ocrx_word' id='word_1_226' title='bbox 800 3887 899 3953; x_wconf 86' lang='lat' dir='ltr'>salvi.</span> 
     </span>
    </p>
   </div>
   <div class='ocr_carea' id='block_1_6' title="bbox 197 4107 1182 4223">
    <p class='ocr_par' dir='ltr' id='par_1_12' title="bbox 197 4107 1182 4223">
     <span class='ocr_line' id='line_1_35' title="bbox 247 4107 1182 4167; baseline 0.001 -15"><span class='ocrx_word' id='word_1_227' title='bbox 247 4121 269 4160; x_wconf 79' lang='lat'>4.</span> <span class='ocrx_word' id='word_1_228' title='bbox 285 4107 361 4152; x_wconf 88' lang='lat' dir='ltr'>Codd.</span> <span class='ocrx_word' id='word_1_229' title='bbox 376 4107 399 4151; x_wconf 90' lang='lat' dir='ltr'>in</span> <span class='ocrx_word' id='word_1_230' title='bbox 415 4118 502 4163; x_wconf 51' lang='lat' dir='ltr'>murga</span> <span class='ocrx_word' id='word_1_231' title='bbox 523 4107 661 4154; x_wconf 74' lang='lat' dir='ltr'>Dotacionis</span> <span class='ocrx_word' id='word_1_232' title='bbox 678 4115 852 4167; x_wconf 66' lang='lat' dir='ltr'>argumentur.</span> <span class='ocrx_word' id='word_1_233' title='bbox 908 4122 937 4155; x_wconf 85' lang='lat' dir='ltr'>rr.</span> <span class='ocrx_word' id='word_1_234' title='bbox 954 4109 1033 4155; x_wconf 80' lang='lat' dir='ltr'>Recte:</span> <span class='ocrx_word' id='word_1_235' title='bbox 1053 4109 1182 4154; x_wconf 76' lang='lat' dir='ltr'>Porridr&#39;ur.</span> 
     </span>
     <span class='ocr_line' id='line_1_36' title="bbox 197 4177 457 4223; baseline -0.004 -1"><span class='ocrx_word' id='word_1_236' title='bbox 197 4189 234 4222; x_wconf 71' lang='grc' dir='ltr'>υ.</span> <span class='ocrx_word' id='word_1_237' title='bbox 249 4177 337 4223; x_wconf 75' lang='lat' dir='ltr'>codd:</span> <span class='ocrx_word' id='word_1_238' title='bbox 357 4177 413 4221; x_wconf 72' lang='lat' dir='ltr'>Tim.</span> <span class='ocrx_word' id='word_1_239' title='bbox 430 4177 457 4221; x_wconf 88' lang='lat'>11.</span> 
     </span>
    </p>
   </div>
   <div class='ocr_carea' id='block_1_7' title="bbox 248 4306 785 4462">
    <p class='ocr_par' dir='ltr' id='par_1_13' title="bbox 248 4306 785 4462">
     <span class='ocr_line' id='line_1_37' title="bbox 252 4306 785 4371; baseline 0.008 -16"><span class='ocrx_word' id='word_1_240' title='bbox 252 4321 288 4358; x_wconf 87' lang='lat' dir='ltr'>ll.</span> <span class='ocrx_word' id='word_1_241' title='bbox 309 4306 349 4357; x_wconf 81' lang='lat' dir='ltr'>CI.</span> <span class='ocrx_word' id='word_1_242' title='bbox 369 4307 407 4357; x_wconf 87' lang='lat' dir='ltr'>De</span> <span class='ocrx_word' id='word_1_243' title='bbox 427 4306 503 4356; x_wconf 86' lang='lat' dir='ltr'>Civili</span> <span class='ocrx_word' id='word_1_244' title='bbox 523 4307 647 4357; x_wconf 85' lang='lat' dir='ltr'>Dominio</span> <span class='ocrx_word' id='word_1_245' title='bbox 666 4306 706 4371; x_wconf 92' lang='lat' dir='ltr'>lll,</span> <span class='ocrx_word' id='word_1_246' title='bbox 727 4307 785 4359; x_wconf 80' lang='lat'>225.</span> 
     </span>
     <span class='ocr_line' id='line_1_38' title="bbox 248 4417 481 4462; baseline 0.004 -7"><span class='ocrx_word' id='word_1_247' title='bbox 248 4419 279 4456; x_wconf 71' lang='lat' dir='ltr'>Dc</span> <span class='ocrx_word' id='word_1_248' title='bbox 290 4418 403 4456; x_wconf 62' lang='lat' dir='ltr'>totostoto</span> <span class='ocrx_word' id='word_1_249' title='bbox 415 4417 481 4462; x_wconf 73' lang='lat' dir='ltr'>Papo.</span> 
     </span>
    </p>
   </div>
   <div class='ocr_carea' id='block_1_8' title="bbox 0 0 1508 5026">
    <p class='ocr_par' dir='ltr' id='par_1_14' title="bbox 0 0 1508 5026">
     <span class='ocr_line' id='line_1_39' title="bbox 0 0 1508 5026; baseline 0 0"><span class='ocrx_word' id='word_1_250' title='bbox 0 0 1508 5026; x_wconf 95' lang='lat' dir='ltr'> </span> 
     </span>
    </p>
   </div>
  </div>
 </body>
</html>
