3008 5026
136 369 205 413 cra
221 353 276 442 lu]
431 375 477 424 os
496 375 708 426 rovcsvars
727 375 828 425 vars.

137 529 298 592 Vicurius
322 530 414 593 enim
438 531 474 593 in
496 542 667 613 quantum
682 531 884 595 huiusmodi
901 531 995 614 gerit
1010 531 1127 594 vicem

138 634 332 717 superioris
364 656 384 697 a
407 655 480 717 quo
509 637 606 718 capit
628 637 796 700 vicariam
819 645 1047 718 potestatem.
1086 636 1126 701 si

137 738 244 819 igitur
265 739 302 801 in
317 740 494 823 principio
511 741 609 822 quod
626 742 736 804 debet
751 742 915 822 regulare
937 741 1129 823 sequencia

137 842 266 907 Petrus
298 864 369 908 non
392 844 520 908 fuisset
546 847 596 908 sic
621 846 751 909 Christi
773 845 929 907 vicarius
956 846 1023 908 nisi
1046 846 1129 927 quia

111 958 281 1019 ssecutus
303 948 370 1011 fuit
394 969 473 1012 eum
496 950 743 1033 propinquius,
771 970 837 1032 per
859 951 976 1012 locum
998 949 1127 1012 asuffi·

138 1053 245 1115 cienti
283 1053 509 1117 similitudine
548 1065 694 1138 oportet
732 1057 831 1137 quod
876 1054 975 1117 Petri
1013 1054 1125 1116 archi-

136 1157 287 1220 vicarius
319 1157 364 1220 de
396 1160 643 1242 propinquiori
675 1169 844 1242 sequatur
876 1158 1052 1223 Christum
1090 1168 1127 1221 et

136 1283 202 1345 per
225 1282 451 1346 consequens
474 1264 620 1327 Petrum
643 1265 678 1327 in
701 1265 868 1328 moribus.

180 1367 281 1444 Item,
304 1367 397 1431 illius
421 1378 477 1431 est
491 1369 599 1432 homo
614 1369 767 1433 vicarius
785 1369 884 1432 cuius
900 1368 1015 1431 vicem
1032 1368 1127 1452 gerit
1176 1401 1222 1446 w,
1238 1411 1300 1446 nm„

95 1483 173 1541 .0et
196 1493 215 1534 a
239 1493 311 1554 quo
335 1474 614 1554 procuratoriam
642 1483 860 1557 potestatem
888 1473 1047 1555 legitime
1071 1492 1127 1535 ac·
1143 1455 1340 1552 miiffiistgfm

136 1577 242 1659 cepit,
275 1578 340 1640 sed
371 1599 475 1641 nemo
508 1579 603 1661 gerit
634 1579 749 1642 vicem
783 1576 914 1641 Christi
946 1580 1003 1640 vel
1027 1578 1126 1640 Petri
1146 1556 1338 1667 ¹,{',‘,:,³2,ff,i{2ss',⁵,}.

135 1683 202 1746 nisi
234 1693 403 1765 sequatur
441 1704 520 1746 eum
552 1684 588 1746 in
621 1683 789 1761 moribus,
823 1703 901 1746 cum
934 1684 1029 1745 nulla
1061 1683 1126 1745 alia
1170 1670 1230 1707 “⁰¹¹¹
1247 1666 1309 1708 ‘³⁰³'

45 1804 106 1872 176b
136 1807 174 1850 se
194 1788 199 1872 Ι
219 1789 324 1870 quela
358 1788 405 1850 sit
427 1788 611 1870 pertinens
633 1807 700 1850 nec
725 1787 826 1850 aliter
847 1787 977 1869 recipit
1001 1806 1021 1848 a
1043 1787 1124 1850 Deo

135 1892 414 1974 procuratoriam
430 1900 659 1973 potestatem,
683 1891 790 1975 igitur
806 1893 850 1953 ad
867 1891 952 1953 illud
969 1891 1125 1954 officium

96 1997 304 2064 &vicarium
327 1997 520 2078 requiritur
543 2006 579 2058 et
601 2016 737 2058 morum
762 1996 989 2059 conformitas
1018 2005 1056 2058 et
1078 1996 1126 2058 in·

136 2100 316 2163 stituentis
340 2101 539 2164 auctoritas
573 2100 659 2163 Cum
684 2101 776 2163 enim
799 2101 900 2164 Deus
923 2101 1126 2164 necessario

136 2206 209 2287 agit
231 2226 370 2268 omnem
395 2206 576 2268 accionem
601 2213 771 2284 creature,
803 2214 905 2287 patet
938 2206 1036 2286 quod
1069 2205 1127 2267 im·

135 2311 310 2393 possibile
342 2321 398 2373 est
432 2313 567 2374 habere
591 2331 802 2394 quemquam
832 2312 937 2372 talem
960 2311 1126 2372 vicariam

135 2424 350 2497 potestatem
383 2416 451 2478 nisi
473 2417 574 2479 Deus
606 2417 718 2498 ipsam
743 2416 892 2492 dederit,
925 2415 1017 2477 sicut
1041 2415 1127 2478 dicit

94 2551 126 2585 πο
138 2521 336 2601 Apostolus
360 2521 463 2584 Rom.
479 2519 585 2597 XIII,
607 2540 691 2604 ymo
717 2541 796 2583 cum
820 2520 879 2583 illa
901 2530 1064 2602 potestas
1081 2520 1127 2582 sit

137 2632 205 2687 tarn
238 2627 420 2688 excellens
454 2626 645 2689 dominium
674 2627 953 2708 supernaturale,
985 2626 1128 2689 videtur

137 2732 234 2811 quod
258 2739 404 2812 oportet
426 2730 542 2813 ipsum
567 2731 793 2813 singulariter
816 2740 852 2793 et
876 2740 1126 2812 supernatura·

137 2834 217 2897 liter
240 2835 316 2897 dari
339 2836 466 2897 aDe0.
490 2836 591 2899 Deus
615 2844 731 2898 autem
756 2856 826 2897 non
850 2838 951 2897 daret
974 2835 1126 2918 provide

137 2947 353 3020 potestatem
386 2940 588 3003 huiusmodi
610 2939 661 3002 illi
687 2961 792 3022 quern
817 2940 925 3002 sciret
949 2960 1030 3004 esse
1045 2960 1126 3022 pro·

97 3045 290 3106 25diturum
324 3065 420 3107 suam
454 3045 650 3124 ecclesiam,
683 3045 775 3108 sicut
798 3065 865 3107 nec
891 3045 950 3106 dat
973 3045 1126 3126 graciam

137 3149 457 3231 predestinacionis
480 3150 529 3211 illi
546 3170 650 3231 quem
668 3151 735 3213 scit
750 3151 901 3212 finaliter
921 3151 1127 3232 periturum.

180 3255 236 3317 Ex
269 3254 398 3336 quibus
425 3264 526 3336 patet
561 3256 658 3336 quod
685 3256 835 3318 humana
859 3255 993 3318 eleccio
1024 3255 1129 3318 nichil
1154 3269 1342 3343 nuruumque

139 3360 235 3422 valet
256 3360 291 3422 in
316 3359 483 3441 eligendo
506 3361 611 3422 talem
628 3361 862 3442 prepositum,
886 3360 954 3423 nisi
969 3359 1063 3422 forte
1084 3362 1129 3423 de
1153 3323 1338 3449 aialiffieppptmp

140 3472 271 3545 quanto
305 3465 586 3546 promulgaverit
624 3465 851 3528 conformiter
887 3466 932 3527 ad
972 3465 1129 3529 divinum
1147 3429 1340 3523 dewi-iiim

99 3567 314 3631 3oiudicium.
353 3569 400 3631 Et
432 3568 499 3631 ista
528 3578 583 3632 est
608 3569 765 3632 secunda
789 3570 972 3633 sentencia
995 3590 1130 3653 suppo·

140 3673 265 3735 nenda.
306 3673 395 3735 Item
429 3694 596 3756 suppono
636 3676 733 3757 quod
767 3676 943 3737 electores
985 3677 1130 3739 devient

141 3777 306 3861 eligendo
346 3799 452 3841 unum
491 3779 678 3843 inhabilem
716 3788 869 3862 propter
902 3777 1130 3843 affeccionem

140 3902 306 3964 persone,
339 3884 492 3966 pecunie
516 3886 575 3947 vel
608 3886 644 3948 in
676 3906 804 3968 penam
831 3886 973 3969 peccati
995 3884 1131 3968 populi,

140 4008 212 4051 non
250 3989 500 4052 concordando
540 3990 659 4054 divine
696 3991 889 4069 sentencie,
929 4000 1014 4053 tunc
1053 4010 1132 4052 cum

99 4092 241 4156 35Deus
265 4113 337 4156 non
361 4096 538 4177 approbat
561 4115 627 4158 nec
648 4097 832 4159 confirmat
848 4097 945 4178 quod
961 4104 1132 4178 peccator

198 4333 231 4377 13.
248 4334 275 4376 u:
291 4333 317 4381 m
330 4335 457 4388 pertinens.
