3008 5026
654 404 824 454 tortarium·
845 403 984 452 wrcen·

321 560 525 644 magistrum
558 562 676 643 quoad
709 570 808 624 actus
837 568 875 624 et
913 579 1033 624 mores
1072 568 1221 622 secutus
1254 558 1320 621 fuit

322 664 550 742 conformius,
574 665 625 727 sic
642 674 788 747 oportet
804 665 843 727 P.
860 664 1028 727 vicarium
1045 663 1195 727 similius
1217 662 1317 744 sequi

321 769 447 851 ipsum.
485 770 613 833 Tercio
638 771 756 851 docet,
785 772 882 853 quod
905 772 1056 832 humana
1084 769 1224 831 eleccio
1247 787 1317 830 non

322 876 427 951 valet,
455 875 522 937 nisi
546 877 591 937 de
616 886 748 957 quanto
772 875 1056 958 promulgaverit
1083 872 1317 937 conformiter

321 980 366 1041 ad
389 978 552 1043 divinam
577 977 712 1061 Quarto
737 981 835 1061 quod
858 980 1000 1062 precise
1024 980 1069 1043 de
1088 987 1190 1042 tanto
1208 977 1338 1040 debet}

322 1083 486 1145 subditus
519 1083 622 1164 sequi
655 1103 755 1146 suum
788 1083 965 1165 privatum
998 1081 1236 1166 prepositum,
1272 1082 1315 1144 de

322 1197 455 1270 quanto
487 1188 566 1269 ipse
600 1189 763 1271 sequitur
795 1188 937 1252 Ihesum
975 1196 1148 1252 nostrum.
1186 1183 1316 1267 Quinto

322 1292 398 1354 sive
423 1294 599 1355 electores
627 1295 721 1355 bene
744 1295 803 1357 vel
829 1295 920 1357 male
944 1292 1122 1374 elegerint
1145 1292 1315 1374 operibus

321 1397 512 1461 meritoriis
542 1406 598 1461 est
626 1398 852 1476 credendum,
882 1408 916 1462 et
946 1398 1161 1481 quicumque
1191 1397 1314 1458 modus

321 1511 446 1564 noster
469 1501 626 1585 eligendi
653 1503 875 1587 prepositum
903 1502 1012 1566 fuerit
1043 1500 1219 1565 eleccioni
1246 1499 1314 1563 Dei
1328 1531 1352 1564 ιο

323 1605 538 1670 conformior
559 1616 616 1670 est
638 1627 681 1670 eo
697 1607 831 1689 melior,
854 1617 890 1670 et
907 1607 1018 1671 obicit
1035 1604 1316 1689 quadrupliciter

323 1719 360 1773 et
392 1710 566 1793 dissolvit,
599 1714 783 1776 declarans
816 1714 913 1795 quod
946 1714 992 1776 de
1020 1719 1173 1794 quatuor
1201 1710 1314 1773 modis

323 1815 480 1897 eligendi
497 1817 721 1900 prepositum
733 1817 867 1883 eleccio
882 1837 948 1900 per
957 1825 1091 1880 sortem
1107 1819 1201 1880 foret
1210 1817 1313 1879 modo

322 1918 489 1984 securior.
535 1917 649 1984 Sexto
682 1930 792 2001 notat,
827 1923 925 2004 quod
957 1941 1028 1984 non
1061 1921 1216 1984 docetur
1239 1919 1243 2002 Ι
1269 1939 1314 1981 ex
1341 1932 1389 1984 τόν

322 2023 506 2106 scriptura,
516 2027 698 2108 quomodo
715 2025 979 2110 preeminencia
988 2026 1088 2091 Petri
1100 2045 1213 2109 super
1228 2024 1315 2087 alios
1328 2039 1351 2090 15

323 2131 507 2211 apostolos
546 2140 616 2195 stat
645 2131 681 2194 in
713 2132 905 2196 universali
938 2131 1167 2195 iurisdicione
1207 2149 1315 2212 super

322 2243 432 2297 totam
455 2234 663 2299 militantem
680 2236 876 2314 ecclesiam,
899 2245 960 2299 aut
976 2238 1072 2318 quod
1091 2235 1314 2319 particularis

322 2348 481 2420 potestas
496 2339 733 2404 iurisdicionis
750 2342 860 2404 debet
876 2360 957 2404 esse
973 2341 1008 2404 in
1019 2340 1110 2404 alios
1126 2340 1315 2422 apostolos

322 2443 502 2526 perillam
526 2453 742 2527 potestatem
768 2448 812 2509 ad
835 2447 951 2509 locum
977 2456 1014 2509 et
1038 2447 1210 2528 populum
1230 2443 1313 2507 limi·

322 2560 402 2614 tata.
1325 2580 1353 2613 20

366 2655 566 2736 Capitulum
592 2655 752 2737 quintum
774 2657 932 2719 declarat
952 2654 1219 2738 quintupliciter
1235 2674 1314 2717 sex·

321 2767 391 2821 tam
415 2759 643 2838 sentenciam,
676 2760 772 2843 quod
795 2759 981 2823 Romanus
1009 2759 1175 2842 pontifex
1205 2760 1314 2822 debet

322 2863 462 2926 racione
486 2863 595 2927 officii
619 2865 743 2927 vicarii
765 2865 867 2948 sequi
890 2865 1066 2929 Christum
1090 2865 1125 2927 in
1145 2863 1315 2928 altissima

322 2978 542 3051 paupertate,
571 2978 607 3032 et
630 2980 714 3052 post
738 2968 849 3033 obicit
872 2969 1061 3053 tripliciter
1076 2980 1114 3034 et
1138 2969 1313 3033 dissolvit.

323 3072 439 3135 Primo
464 3095 531 3156 per
557 3076 626 3138 hoc
655 3076 752 3157 quod
776 3094 870 3157 papa
892 3095 963 3138 non
988 3084 1114 3159 posset
1138 3075 1352 3158 perficerem

323 3198 422 3240 suum
451 3179 606 3242 officium
634 3200 701 3243 nec
725 3179 920 3243 honorifice
948 3189 1072 3243 tenere
1100 3189 1231 3244 statum
1254 3199 1314 3262 pa·

322 3283 436 3364 palem
468 3283 544 3344 sine
571 3283 634 3346 tali
662 3284 829 3362 dominio,
865 3292 900 3345 et
929 3285 1083 3346 declarat
1106 3284 1313 3368 oppositum

321 3407 387 3468 per
410 3387 661 3452 Bernhardum.
690 3387 858 3452 Secundo
883 3387 995 3452 obicit
1017 3408 1084 3470 per
1105 3389 1186 3466 hoc,
1216 3389 1313 3472 quod

322 3491 420 3554 multi
454 3492 565 3554 sancti
604 3492 769 3575 episcopi
808 3496 1051 3576 approbarunt
1084 3493 1313 3556 dotacionem

320 3595 520 3658 huiusmodi
545 3607 581 3659 et
602 3596 776 3675 dissolvit,
801 3596 983 3660 declarans
1000 3606 1168 3679 quantum
1184 3599 1312 3660 malum
1326 3607 1355 3655 30

322 3700 497 3782 contingit
513 3720 560 3762 ex
575 3701 645 3763 isto
663 3700 863 3783 porismate,
885 3722 963 3764 cum
980 3702 1159 3784 sequimur
1175 3702 1314 3765 mixtim

320 3808 415 3869 bona
431 3805 627 3868 secundum
649 3806 828 3869 racionem
852 3827 921 3888 qua
953 3815 1036 3870 sunt
1058 3807 1154 3869 mala
1182 3806 1313 3870 Tercio

322 3911 433 3974 obicit
464 3931 530 3993 per
560 3913 639 3989 hoc,
672 3912 769 3993 quod
798 3922 854 3974 est
877 3911 1064 3976 distiuccio
1092 3913 1187 3975 inter
1210 3922 1313 3994 pote·

322 4024 448 4079 statem
480 4015 716 4080 iurisdicionis
749 4026 786 4079 et
818 4017 961 4097 ordinis,
1000 4037 1043 4080 eo
1083 4017 1180 4100 quod
1215 4018 1314 4080 solus

322 4139 415 4202 papa
437 4122 548 4184 habet
569 4130 785 4205 potestatem
809 4140 918 4204 super
940 4122 1174 4185 universalem
1196 4123 1355 4185 eccle-35

322 4225 423 4306 siam;
446 4245 516 4288 non
535 4227 626 4289 enim
648 4237 701 4289 est
718 4226 811 4289 aliud
829 4227 1012 4310 proprium
1032 4246 1127 4311 pape
1144 4224 1314 4305 officium,

323 4338 360 4391 et
383 4331 558 4410 dissolvit,
587 4331 791 4395 concedens
819 4331 1089 4395 distiuccionem
1113 4341 1149 4394 ct
1172 4352 1315 4416 negans
