3008 5026
115 382 184 428 can.
200 368 243 456 v.]
416 388 461 438 DE
482 386 692 437 POTESTATE
712 388 810 437 PAPE.

117 555 283 607 nostram.
317 543 363 607 Et
386 541 416 605 si
441 542 576 606 dicatur
606 544 702 624 quod
735 542 836 605 alicui
860 542 988 604 clerico
1013 541 1107 603 foret

117 647 243 710 melius
266 646 317 710 sic
343 646 468 724 dotari,
492 665 617 709 revera
638 646 709 709 hoc
733 655 788 710 est
803 647 909 709 valde
931 654 1105 708 remotum

119 753 164 814 ad
186 749 408 813 inferendum
432 750 529 833 quod
557 758 671 812 status
701 748 813 812 dotati
834 749 920 812 cleri
943 748 989 811 sit
1012 756 1107 810 statu

120 853 405 937 exproprietarie
427 853 583 916 viventis
606 853 815 936 perfeccior.
844 851 904 917 Sic
930 852 1021 916 enim
1047 872 1107 914 ex·

94 958 262 1040 §pediret
285 957 389 1021 alicui
412 957 542 1021 clerico
566 959 660 1040 quod
683 956 776 1020 foret
798 958 932 1040 laycus,
962 976 1045 1039 ymo
1069 963 1108 1019 ut

121 1060 205 1125 dicit
222 1060 382 1124 Christus
403 1060 511 1124 Math.
529 1059 672 1123 XVIII:
696 1059 838 1141 Expedit
859 1060 1109 1124 scandalizanti

120 1171 157 1228 ut
178 1167 412 1248 suspendatur
434 1167 528 1227 mola
551 1166 711 1228 asinaria
734 1167 828 1228 circa
850 1166 975 1228 collum
991 1166 1064 1228 eius
1078 1168 1109 1227 et

119 1270 344 1351 demergatur
366 1271 401 1332 in
420 1268 639 1350 profundum
662 1270 783 1332 auaris.
806 1269 884 1332 Hoc
909 1276 965 1330 est
983 1287 1107 1330 secun·

121 1375 202 1436 dum
225 1376 368 1435 beatum
393 1371 604 1456 Gregorium
628 1372 663 1433 in
683 1374 741 1435 De
759 1371 850 1435 Cura
864 1370 1040 1436 Pastorali
1056 1370 1106 1434 II:

31 1491 92 1540 183·
121 1477 312 1559 expediret
348 1478 486 1559 prelato
508 1473 512 1556 Ι
533 1474 691 1559 prescito
730 1476 827 1559 quod
864 1478 911 1538 ob
951 1495 1106 1539 errorem

120 1579 266 1663 laycalis
283 1579 392 1644 officii
407 1579 453 1643 sit
469 1581 687 1662 dampnatus.
704 1580 787 1643 Non
807 1579 915 1662 igitur
930 1580 1105 1663 sequitur:
1124 1602 1142 1645 n
1157 1612 1210 1657 may
1225 1600 1252 1660 ne
1267 1601 1316 1642 uest

120 1682 251 1746 Utilius
268 1683 361 1746 foret
376 1683 486 1746 Petro
505 1703 585 1746 esse
600 1682 636 1745 in
657 1691 751 1746 statu
775 1683 845 1766 tali,
868 1683 976 1768 igitur
992 1691 1106 1745 status
1122 1654 1214 1748 miii>
1238 1663 1322 1747 iiia

120 1788 179 1851 ille
212 1795 268 1849 est
299 1787 366 1849 alio
390 1796 484 1850 statu
507 1786 716 1869 perfeccior.
763 1786 852 1850 Nam
879 1787 978 1849 iuxta
1003 1786 1106 1849 istam
1116 1757 1274 1853 ⁸¹⁸¹inihiiii.
1285 1763 1324 1799 ¹¹⁰¹

122 1890 299 1953 vesaniam
323 1889 473 1972 quilibet
495 1891 628 1973 gradus
643 1890 758 1972 turpis
774 1899 886 1954 status
902 1890 997 1952 foret
1013 1898 1106 1952 statu

84 1997 274 2065 rshonesto
297 1993 506 2077 perfeccior‚
531 1995 612 2077 quia
635 2003 748 2057 status
771 1993 978 2077 perfeccior‚
1003 2014 1107 2076 quem

123 2105 296 2161 statuatus
320 2099 493 2180 deturpat,
519 2096 606 2160 facit
633 2117 700 2179 per
720 2097 887 2161 accidens
925 2099 1022 2180 quod
1050 2097 1107 2158 de·

123 2200 298 2283 turpatori
320 2201 424 2283 peius
448 2200 598 2276 eveniat,
631 2201 723 2263 sicut
754 2199 967 2264 inferioritas
994 2209 1108 2263 status

123 2312 246 2387 potest
269 2324 347 2366 cum
371 2304 490 2386 gracia
511 2303 581 2367 Dei
606 2324 686 2367 esse
720 2324 825 2369 causa
848 2325 914 2387 per
939 2305 1107 2367 accidens

124 2408 216 2470 unde
238 2407 345 2470 homo
373 2407 522 2489 amplius
546 2417 736 2483 mereatur3
770 2428 854 2490 ymo
877 2427 1028 2471 necesse
1052 2417 1109 2470 est

85 2521 161 2574 20ut
184 2520 299 2576 status
322 2511 467 2594 dyaboli
495 2530 537 2574 ac
561 2514 797 2575 membrorum
826 2531 969 2575 suorum
992 2511 1108 2594 prosit
1161 2522 1223 2566 Even
1239 2523 1278 2566 the

123 2636 188 2698 per
211 2615 375 2678 accidens
400 2615 561 2697 ecclesie,
585 2615 677 2678 sicut
692 2624 804 2679 status
820 2616 994 2698 peccandi
1009 2615 1108 2678 Petri
1144 2576 1299 2671 iiiihiiii

216 2719 223 2732 .
926 2721 933 2734 ‚
1083 2720 1089 2735 ,
1138 2678 1296 2736 accidentally.

124 2729 161 2783 et
183 2719 328 2782 allorum
352 2729 553 2782 sanctorum
570 2720 762 2782 secundum
779 2719 1019 2802 Augustinum
1043 2719 1109 2783 furt

124 2825 268 2887 multum
298 2823 503 2906 expediens.
526 2822 705 2905 Numquid
737 2832 932 2906 propterea
953 2824 1108 2887 servabi-

124 2949 200 2993 mus
232 2928 336 2990 talem
368 2928 517 2990 statum?
562 2925 696 2989 Notato
734 2927 842 3009 igitur
873 2928 934 2991 illo
968 2928 1108 3009 clerico,

87 3039 228 3113 nquam
259 3031 406 3093 decorat
436 3030 662 3113 imperatoris
696 3030 848 3106 dotaci0,
881 3040 984 3114 patet
1012 3032 1109 3114 quod

123 3135 201 3217 ipse
238 3144 361 3216 posset
403 3154 495 3217 eque
537 3135 712 3216 perficere
756 3155 848 3218 opus
890 3134 1108 3218 predicandi,

124 3238 247 3302 orandi
280 3248 317 3301 et
348 3238 611 3320 contemplandi
645 3238 720 3302 sine
744 3248 842 3302 tanta
870 3240 974 3321 copia
999 3248 1108 3301 terre-

124 3362 257 3425 norum,
274 3362 354 3406 cum
370 3363 474 3406 omne
491 3344 588 3425 quod
612 3363 678 3425 per
703 3363 742 3407 se
768 3344 976 3426 superaddit
1005 3353 1109 3407 sonat

122 3448 157 3511 in
179 3447 300 3511 mundi
322 3447 468 3531 gloriam
494 3456 530 3510 et
552 3449 710 3510 retardat
732 3450 777 3510 ab
802 3447 922 3510 officio
947 3449 1109 3528 clericali,

88 3553 302 3635 toquomodo
334 3552 443 3637 igitur
474 3572 546 3615 non
577 3551 672 3614 foret
695 3561 810 3616 status
835 3552 1037 3635 signancius
1062 3573 1107 3614 ex

125 3655 312 3718 dotacione
334 3654 583 3737 imperfeccio?
606 3653 654 3717 Et
676 3655 769 3717 idem
794 3663 849 3717 est
864 3665 1108 3739 argumentum

125 3760 168 3821 de
191 3778 415 3841 quocumque
439 3758 568 3821 clerico
593 3758 747 3839 signato;
771 3779 819 3821 ex
842 3779 913 3841 quo
931 3758 1109 3840 colligitur

125 3862 220 3945 quod
243 3863 273 3927 si
296 3871 409 3926 status
433 3862 548 3926 tocius
576 3863 661 3926 cleri
685 3863 797 3926 dotati
822 3862 916 3926 foret
938 3864 1109 3926 alteratus

177 4185 210 4217 ιο.
226 4171 255 4215 B:
272 4170 364 4216 Ctertco
376 4172 486 4225 praecito.
542 4184 578 4215 πο.
593 4183 703 4223 surorum,¹
717 4173 798 4214 codd:
814 4173 916 4216 ecclesie.

219 4319 255 4367 St.
270 4318 388 4383 Gregorii
402 4316 440 4367 De
453 4317 523 4366 Cura
537 4318 604 4368 Pust.
624 4317 633 4366 l
653 4332 723 4383 pars,
742 4332 799 4382 cap.
813 4317 841 4368 li.
863 4316 979 4383 Loosely
999 4319 1108 4382 quoted.
