3008 5026
121 378 187 426 cur.
204 367 245 457 r]
419 389 462 439 ur
482 386 694 440 potestate
713 388 812 440 nans.
1264 395 1321 455 ²3¹

121 563 224 625 quam
247 546 513 628 respondendo,
536 555 576 609 ut
598 555 757 609 narratur
778 544 812 607 in
830 546 984 627 quodam
1001 556 1107 628 gesto
1150 564 1296 626 scqnunous

120 646 263 730 Anglie,
297 651 477 732 quomodo
503 661 652 713 vacante
681 649 894 732 episcopatu
917 650 1107 713 Dunelmie
1145 616 1294 724 miiieif'

121 770 167 813 ex
191 753 342 833 quadam
365 754 517 817 subdola
540 754 736 818 subtilitate
760 754 879 818 clerici
898 774 964 816 rex
981 752 1110 817 dicitur

120 856 259 921 misisse
290 878 395 941 pape,
429 868 467 922 ut
498 859 584 923 illud
616 860 830 923 beneficium
859 860 1020 923 conferat
1043 879 1108 922 suo

96 960 266 1036 §clerico;
304 983 369 1026 rex
403 972 519 1027 autem
553 973 589 1027 et
620 984 770 1046 regnum
804 984 850 1027 ex
885 964 975 1028 scitu
1014 983 1108 1047 pape

120 1075 270 1148 perante
295 1069 529 1131 decreverant
552 1071 650 1152 quod
672 1090 744 1132 non
761 1071 928 1132 obstante
945 1087 1108 1152 quacum-

121 1191 190 1254 que
215 1172 412 1235 donacione
444 1193 540 1255 pape
564 1184 749 1255 promotus
773 1194 868 1257 pape
896 1193 968 1236 non
996 1171 1109 1255 perci·

120 1283 226 1356 peret
254 1276 388 1341 fructus
412 1276 576 1341 beneficii
598 1279 702 1361 regni
724 1278 846 1355 nostri,
873 1277 941 1340 nisi
968 1277 1047 1361 regi
1072 1286 1110 1339 et

119 1400 233 1462 regno
265 1380 362 1445 visus
393 1383 531 1461 habilis,
572 1382 817 1446 distribuendo
854 1382 935 1446 illos
973 1381 1108 1444 fructus

79 1506 110 1542 10
120 1485 272 1566 provide
305 1486 395 1549 infra
425 1506 586 1569 reguum,
619 1487 734 1570 ipsum
766 1507 916 1570 regnum
944 1486 1032 1549 velit
1060 1485 1109 1548 in·

121 1590 249 1654 colere.
287 1589 421 1654 Habito
453 1591 574 1673 itaque
606 1593 717 1674 longo
752 1591 900 1654 consilio
929 1591 974 1653 de
997 1589 1109 1652 literis

119 1695 216 1779 regis
248 1714 342 1778 papa
373 1696 486 1776 fertur
518 1697 638 1759 taliter
659 1696 906 1779 respondisse:
933 1694 976 1758 Et
997 1696 1029 1758 si
1051 1713 1110 1757 rex

120 1801 268 1862 misisset
291 1803 430 1863 asinum
448 1820 516 1882 pro
533 1803 590 1864 illo
607 1802 774 1882 beneficio,
796 1802 976 1864 habuisset.
1003 1797 1110 1879 Quod

119 1923 330 1986 responsum
354 1904 540 1968 manifeste
563 1905 696 1968 indicat
718 1925 857 1988 papam,
891 1913 927 1967 et
959 1903 989 1966 si
1010 1903 1109 1986 prius

95 2007 251 2089 idignus
274 2008 341 2072 fuit
373 2030 420 2071 ex
443 2011 527 2092 lege
551 2009 690 2092 privata
712 2009 831 2093 papali
851 2009 936 2072 illud
954 2007 1109 2071 officium

121 2111 325 2187 contulisse,
354 2113 481 2175 abillo
506 2113 695 2196 privilegio
720 2112 920 2189 excedisse,
949 2112 1030 2194 quia
1052 2109 1109 2174 XI

121 2215 262 2298 questio
278 2215 332 2279 111
350 2237 393 2279 ex
413 2218 560 2280 decreto
576 2218 673 2280 beati
689 2216 857 2301 Gregorii
877 2216 928 2280 sic
943 2217 1108 2279 babetur:

120 2321 347 2402 Privilegium
375 2324 514 2385 omnino
542 2323 634 2385 debet
662 2324 829 2402 amittere,
859 2322 918 2403 qui
941 2319 1013 2385 sibe
1024 2339 1108 2402 per-

119 2427 229 2488 missa
248 2427 402 2489 abutitur
411 2431 586 2508 potestate.
610 2426 722 2489 Maior
745 2435 862 2489 autem
884 2426 919 2490 in
942 2425 1013 2487 isto
1038 2444 1109 2486 non

93 2537 245 2610 oposset
278 2549 359 2593 esse
393 2530 529 2608 abusio,
568 2550 671 2612 quam
704 2531 860 2594 scienter
891 2529 1110 2592 constituere

119 2634 301 2719 indignum
324 2633 359 2696 in
384 2634 537 2698 clericali
561 2634 691 2698 officio.
730 2634 804 2699 Ista
831 2642 948 2698 autem
975 2631 1111 2695 fallacia

119 2738 329 2820 imaginatur
353 2738 397 2800 de
421 2747 602 2821 potestate
627 2739 870 2802 ecclesiastica
897 2738 994 2820 quod
1011 2755 1110 2799 secu·

119 2842 201 2905 laris
233 2851 357 2926 potest
388 2863 465 2907 eam
497 2844 580 2906 dare
605 2843 697 2907 sicut
719 2846 851 2907 bovem
877 2844 935 2906 vel
962 2841 1110 2917 asinum,

120 2950 177 3010 vel
202 2948 300 3029 quod
324 2967 371 3009 ex
394 2948 537 3010 defectu
562 2947 782 3011 defensionis
806 2947 915 3029 partis
933 2944 1110 3010 contrarie

79 3052 308 3135 25preposit0
339 3051 513 3135 spirituali
545 3053 747 3136 acquiritur,
784 3052 814 3115 si
851 3050 1046 3114 instituitur
1072 3048 1110 3110 in

30 3165 93 3228 219·
121 3156 333 3237 quibusdam
364 3156 619 3220 tradicionibus
656 3156 825 3220 humanis.
869 3154 941 3221 Sed
962 3154 966 3239 l
987 3154 1109 3217 delira-

120 3269 238 3323 menta
261 3269 343 3323 sunt
365 3260 444 3327 ista.

165 3363 342 3445 Quantum
365 3367 408 3428 ad
433 3364 579 3428 tercium
604 3373 753 3447 partem,
776 3373 877 3447 patet
905 3363 1003 3446 quod
1027 3362 1109 3425 doc·

121 3469 257 3532 toribus
280 3468 357 3532 istis
381 3489 452 3532 non
477 3471 587 3534 debet
610 3470 708 3532 credi
731 3468 799 3532 nisi
822 3478 861 3533 ut
881 3469 1035 3532 testibus
1051 3467 1110 3530 vel

79 3580 111 3629 30
122 3574 306 3637 autoribus
329 3574 365 3637 in
388 3575 519 3658 quibus
536 3574 695 3639 Christus
718 3573 876 3657 loquitur
903 3575 1003 3637 velut
1028 3591 1110 3655 pro·

120 3677 288 3741 bantibus
311 3698 407 3741 suam
432 3679 649 3743 sentenciam
672 3678 825 3745 racione.

175 3946 209 3979 αι.
225 3933 313 3979 Codd:
328 3935 398 3979 Istam
412 3940 488 3979 aulem
495 3933 630 3991 fallaciam.
685 3933 721 3979 25.
737 3933 826 3979 codd:
841 3946 876 3984 m
891 3933 953 3978 sed?

174 4075 197 4112 a.
216 4057 415 4126 Welsingshem
434 4058 585 4125 Ypodigma
603 4059 740 4111 Neustrlee
758 4073 818 4125 pag.
839 4055 896 4109 283.
920 4058 986 4110 Hist.
1006 4057 1109 4124 Angllc.

121 4145 151 4209 ll,
172 4144 228 4198 382.
259 4146 319 4197 Vld.
339 4145 459 4208 Lotenh,
482 4147 592 4197 Studien
616 4161 663 4197 zur
687 4143 894 4211 Kirchenpolitllr
914 4144 1050 4208 Euglrnds
1073 4146 1109 4194 im

121 4234 187 4285 x1V.
200 4232 298 4302 Jahrb,
311 4233 553 4299 Sitzungsberichte
575 4236 621 4284 der
634 4235 743 4284 Wiener
756 4233 900 4284 Akudemie
914 4232 1049 4294 CXXXVI,
1069 4246 1111 4297 27.

126 4319 163 4372 18.
183 4323 246 4387 Cap.
267 4321 353 4372 Lxltl.
