3008 5026
166 391 236 437 cnr.
255 373 318 464 ιιι]
460 397 505 448 nr
526 396 737 449 POTESTATE
755 399 856 450 eles.
1306 408 1366 466 34ι

210 551 315 617 Unde
348 563 609 637 consequenter
638 554 896 638 profundantur
926 557 962 620 in
988 559 1151 639 heresim,
1183 572 1220 618 το
1234 574 1344 618 advocare

166 659 228 742 qui
252 657 375 722 dicunt
397 660 496 742 quod
524 669 636 724 status
660 660 857 725 dotacionis
885 662 931 727 sit
953 663 1153 746 perfeccior
1187 627 1342 736 iii⁰i¹e¹ie⁶r¹ii

166 782 270 846 quam
293 770 407 827 status
431 762 748 846 expropriacionis,
778 774 815 828 et
836 785 902 848 per
925 785 1152 849 consequens

166 869 228 930 lex
250 868 387 950 papalis
410 888 480 951 qua
502 867 681 933 stabilitur
703 869 846 933 dotacio
876 880 930 934 est
951 871 1152 954 perfeccior

140 989 271 1054 §quarn
302 973 364 1035 lex
396 971 535 1051 Christi,
574 993 643 1055 qua
679 975 848 1037 suadetur
887 974 1152 1058 expropriacio;

166 1096 246 1140 narn
269 1087 308 1141 ut
330 1076 491 1160 inquiunt
514 1077 583 1142 iste
607 1079 676 1142 due
698 1081 801 1162 leges
826 1088 862 1142 et
877 1079 936 1144 isti
954 1081 1024 1144 duo
1039 1089 1151 1145 status

167 1180 447 1245 convertibiliter
470 1201 509 1244 se
533 1191 740 1266 sequuntur,
773 1183 856 1266 quia
882 1184 983 1248 aliter
1007 1184 1150 1248 omnino

165 1285 402 1369 superflueret
433 1287 494 1349 lex
524 1288 673 1350 humana
706 1297 742 1352 et
770 1309 953 1353 venenose
986 1299 1152 1372 pasceret

164 1391 337 1474 populum
370 1391 576 1474 postposito
604 1393 717 1456 verbo
745 1393 828 1459 vite.
871 1392 1029 1477 Oportet
1059 1394 1151 1458 enirn

124 1495 338 1578 ,opopulum
360 1495 457 1558 illurn
476 1495 554 1579 regi
569 1495 682 1579 magis
698 1496 894 1575 intendere,
918 1497 1017 1561 cuius
1032 1500 1151 1582 legem

68 1621 132 1685 246·
164 1600 416 1683 preponderat,
450 1599 532 1683 quia
562 1601 622 1663 lex
642 1603 648 1681 Ι
669 1609 706 1664 et
728 1609 841 1665 status
869 1622 974 1684 quern
1006 1603 1149 1686 stabilit,

166 1723 205 1767 se
238 1703 389 1768 invicem
422 1714 699 1787 consequuntur.
734 1705 839 1769 Unde
871 1706 1013 1771 videtur
1046 1707 1150 1771 michi

164 1817 249 1872 nota
270 1808 486 1873 infidelitatis
519 1817 556 1872 et
578 1810 702 1873 dolosa
735 1811 907 1875 calliditas
929 1811 1150 1893 Antichristi,

165 1914 262 1997 quod
307 1913 439 1976 domini
483 1914 699 1997 temporales
744 1923 902 1978 statuunt
947 1915 1016 1978 sibi
1060 1917 1150 1980 tales

124 2028 328 2102 ,spastores
361 2026 398 2081 et
428 2019 636 2102 prophetas,
675 2019 735 2102 qui
771 2029 807 2083 et
839 2030 946 2083 artem
978 2021 1150 2103 pascendi

165 2124 332 2206 ignorent
355 2132 392 2186 et
418 2131 612 2206 preparent
634 2125 693 2187 vel
721 2122 917 2188 inordinate
945 2125 1003 2188 vel
1026 2125 1149 2189 toxice

164 2229 281 2292 cibum
304 2227 440 2291 mentis.
481 2226 628 2292 Constat
656 2236 771 2292 autem
800 2249 846 2292 ex
868 2228 938 2293 fide
971 2229 1147 2312 scripture

164 2333 260 2416 quod
292 2331 404 2395 anima
435 2330 592 2414 pascitur
623 2334 733 2395 verbo
764 2332 850 2410 Dei;
889 2335 1001 2396 verba
1031 2342 1148 2397 autern
1170 2344 1352 2443 rfiililiir

163 2438 228 2501 alia
260 2445 342 2500 sunt
373 2456 550 2501 venenum
583 2436 708 2510 anime;
743 2457 820 2500 cum
854 2445 970 2500 autern
1000 2456 1071 2500 non
1096 2438 1147 2501 sic
1205 2450 1317 2494 thesoul·

118 2575 152 2611 20
164 2542 326 2606 ordinant
348 2561 415 2624 pro
435 2561 522 2605 coco
540 2550 576 2604 et
592 2541 673 2605 cibo
700 2542 871 2624 corporis,
896 2549 934 2605 et
953 2544 1147 2606 secundum

163 2647 432 2731 Crysostomum
459 2648 589 2729 prelati
614 2649 730 2711 debent
757 2665 827 2711 esse
848 2648 1043 2711 stomachus
1068 2666 1146 2711 cor-

157 2755 257 2836 poris
293 2754 426 2817 ecclesr'e
463 2758 493 2815 et
529 2770 627 2815 cocus
659 2753 892 2816 membrorum
924 2753 1007 2834 eius,
1046 2760 1147 2834 patet

162 2865 291 2941 quanta
312 2857 523 2921 infidelitate
546 2857 707 2920 laborant
730 2856 850 2920 mundi
872 2856 1063 2939 principes,
1087 2855 1147 2939 qui

161 2964 241 3047 plus
284 2962 534 3045 appreciantur
573 2970 679 3044 atque
717 2963 982 3044 preponderant
1022 2980 1147 3024 cocum

117 3067 320 3150 25corporis
345 3085 433 3131 coco
462 3065 600 3130 mentis.
641 3064 695 3128 Illi
719 3073 843 3136 autem,
872 3083 1021 3146 quorum
1043 3064 1145 3127 Deus

160 3180 286 3235 venter
310 3178 374 3249 est,
401 3189 474 3233 non
502 3179 586 3234 sunt
607 3169 669 3232 filii
692 3167 800 3252 pacis,
829 3187 908 3231 curn
935 3188 1010 3250 pax
1032 3167 1147 3250 prima

161 3295 239 3338 cum
256 3275 336 3337 Deo
354 3274 564 3337 dissolvitur.
587 3273 635 3337 Et
656 3273 692 3335 in
707 3272 777 3335 isto
801 3270 1003 3335 notabiliter
1026 3270 1147 3334 deficit

161 3381 289 3442 doctor
310 3378 394 3442 fidei
411 3378 606 3444 christiane.
631 3376 784 3460 Oportet
800 3377 891 3440 enirn
912 3376 1027 3459 primo
1042 3375 1145 3439 recti-

159 3484 264 3547 ficare
287 3483 323 3547 in
347 3484 497 3546 ecclesia
520 3483 702 3567 apostolos
726 3490 763 3544 et
785 3481 980 3564 prophetas
1004 3488 1040 3543 et
1063 3499 1144 3542 con-

116 3607 149 3658 30
160 3596 353 3671 sequenter
375 3587 555 3651 residuum
572 3586 733 3670 corporis
758 3586 908 3650 ecclesie
932 3585 1000 3648 erit
1015 3604 1145 3650 sanum.

159 3693 214 3757 Illi
236 3701 353 3756 autern
376 3691 573 3756 stabilirent
591 3693 660 3755 hoc
681 3691 918 3756 necessarium
934 3689 1144 3773 principium

158 3797 242 3861 fidei
279 3797 383 3859 modo
422 3795 648 3860 discreditum
686 3803 837 3880 propter
874 3793 1144 3858 excecacionem

159 3900 317 3984 pulveris
340 3900 595 3984 temporalium,
628 3902 726 3984 quod
758 3899 907 3982 quilibet
934 3897 1143 3963 christianus

211 4223 245 4255 ιο.
260 4210 289 4254 B:
310 4211 366 4267 legi.
424 4224 453 4256 ιι.
474 4211 504 4255 B:
522 4211 704 4267 propenderent.
760 4222 796 4255 20.
816 4207 892 4254 Codd.
912 4209 936 4252 in
956 4219 1043 4264 mrrg.:
1060 4206 1143 4252 Cocum

157 4281 263 4336 corporis
283 4282 484 4336 preponderanrer
507 4291 563 4324 roco
586 4280 667 4323 mentis
687 4283 785 4335 peccant
807 4278 920 4335 graviter.
989 4288 1025 4332 27.
1051 4276 1079 4321 li:
1102 4277 1143 4319 de-

157 4349 228 4404 secie.
