3008 5026
140 380 208 426 CAl’.
222 365 267 454 ln]
441 387 486 436 DE
506 385 717 438 POTESTATE
736 384 833 435 PAPE.
1284 387 1344 448 ²43

139 562 244 605 mone
278 548 362 605 sunt
391 541 485 606 inter
516 541 666 625 legistas
700 549 736 604 et
760 541 911 603 clericos
935 540 1045 602 eciam
1069 559 1128 602 ex·
1180 555 1301 616 nummos

140 645 395 729 proprietarios
420 655 457 709 et
479 647 641 709 dominos
670 645 849 709 seminata.
882 642 956 708 Sed
985 653 1129 727 oportet
1149 607 1263 733 wivnipii}
1274 607 1333 733 {1¹3⁸

141 751 235 833 quod
258 751 359 813 Deus
392 751 510 833 gladio
536 750 691 814 vindicte
725 770 831 833 quem
863 748 963 812 venit
990 713 1339 812 mitterecrergffimng

141 855 248 917 modo
273 854 341 917 sibi
364 854 586 931 abscondito,
615 863 654 918 ut
677 853 896 938 pestilencia,
921 873 1049 937 guerra
1071 854 1129 916 vel
1174 827 1311 871 “mm

119 959 208 1027 §alia
238 979 333 1042 pena
363 958 529 1022 racionali
563 959 713 1042 dissipet
744 959 830 1023 istas
854 958 1011 1037 fraudes;
1046 967 1129 1020 tunc

143 1064 234 1126 enim
267 1065 362 1129 foret
394 1066 509 1127 clerus
542 1064 841 1147 proporcionatus
864 1063 900 1127 in
923 1081 1070 1125 numero
1096 1071 1131 1124 et

143 1169 286 1245 virtute,
319 1169 381 1231 ubi
413 1169 480 1232 iam
512 1169 661 1232 nocivus
695 1178 752 1232 est
783 1168 940 1251 undique
973 1166 1066 1231 vivis
1095 1174 1131 1228 et

143 1273 304 1336 mortuis:
343 1273 435 1336 vivis
467 1294 540 1336 non
572 1273 735 1336 faciendo
775 1272 937 1335 clericale
977 1271 1131 1334 officium

143 1377 282 1459 peccati
297 1377 424 1460 populi
447 1377 712 1453 destructivum,
737 1385 774 1441 et
788 1376 934 1441 mortuis
951 1396 1022 1438 non
1047 1374 1132 1437 miti·

104 1484 262 1562 10gando
294 1502 422 1565 penam
455 1483 703 1546 defunctorum
727 1501 831 1565 quam
860 1502 906 1544 ex
930 1480 1046 1543 stultis
1071 1480 1131 1542 do·

144 1586 248 1650 nariis
265 1587 462 1669 paciuntur.
483 1586 530 1650 Et
545 1587 613 1650 ista
629 1586 783 1672 argucia:
801 1587 882 1650 Hoc
898 1588 993 1648 bene
1009 1593 1134 1666 potest

144 1691 231 1768 fieri,
260 1691 369 1775 igitur
391 1712 464 1755 non
487 1693 598 1757 debet
621 1692 763 1774 corrigi,
786 1693 917 1755 multos
941 1698 1056 1767 cecat;
1080 1707 1133 1751 se·

145 1795 273 1860 curitas
298 1804 413 1859 autem
431 1797 540 1859 debet
557 1796 780 1859 confidenter
796 1794 1000 1878 exspectari
1017 1813 1036 1855 a
1051 1794 1132 1856 Deo

145 1919 216 1962 non
248 1901 382 1975 seculO,
415 1908 452 1963 et
483 1899 518 1962 in
550 1901 619 1962 hoc
645 1901 755 1963 debet
778 1898 913 1983 sperari
936 1906 1006 1960 tam
1029 1896 1134 1960 nobis

105 2019 132 2069 15
145 2022 247 2084 quam
263 2003 375 2087 laycis
392 2023 476 2066 vera
491 2005 675 2080 securitas,
700 2013 737 2067 et
755 2004 838 2067 ideo
854 2002 1008 2087 precipit
1029 2000 1134 2063 nobis

144 2109 339 2190 Apostolus
371 2108 503 2172 Hebro.
536 2108 670 2186 ultimo,
704 2109 801 2191 quod
837 2126 960 2172 sumus
990 2106 1135 2169 contenti

140 2214 364 2295 presentibus
386 2214 436 2276 r'la
451 2215 541 2294 quod
555 2214 761 2294 confidenter
776 2214 952 2276 dicamus:
963 2209 1135 2273 Dominus

146 2318 249 2381 michi
280 2319 420 2380 adiutor
451 2322 481 2380 et
511 2335 579 2381 non
611 2319 744 2395 timebo,
776 2318 859 2398 quid
881 2316 998 2397 saciat
1031 2313 1135 2378 michi

144 2423 253 2486 homo.
291 2421 339 2484 Et
369 2420 451 2484 hinc
484 2422 637 2504 petimus
674 2421 711 2484 in
744 2421 911 2484 oracione
945 2419 1134 2483 dominica:

102 2545 271 2608 zopanem
303 2531 459 2589 nostrum
491 2528 702 2590 cotidianum
731 2527 777 2588 da
800 2527 896 2589 nobis
917 2526 1024 2588 liodr'e.
1061 2521 1136 2587 Sed

147 2640 183 2694 et
205 2650 271 2693 nos
296 2631 504 2693 sacerdotes
526 2631 720 2693 innitentes
743 2629 870 2694 ritibus
893 2627 984 2713 legis
1001 2626 1135 2690 veteris

147 2735 367 2799 confidenter
400 2735 576 2799 annuatim
610 2734 686 2798 sine
714 2733 976 2799 thaurizacione
1003 2732 1136 2794 diutina

145 2839 352 2921 porcionem
363 2839 507 2903 Domini
532 2839 668 2904 scilicet
692 2840 899 2903 oblaciones
923 2847 959 2901 et
980 2836 1135 2899 decimas

147 2952 387 3026 expectamus,
410 2943 586 3026 Quantum
604 2946 648 3007 ad
665 2944 849 3007 dacionem
865 2940 1019 3017 Domini,
1036 2949 1136 3022 patet

104 3049 243 3130 25quod
274 3049 310 3111 in
342 3068 469 3131 penam
501 3048 643 3132 peccati
676 3048 736 3111 dat
762 3047 928 3130 indignis,
961 3046 1059 3129 quod
1083 3044 1135 3108 eis

147 3152 280 3232 obedit,
304 3162 343 3216 ut
367 3153 453 3216 dicit
468 3152 692 3238 Augustinus
715 3153 751 3216 in
767 3153 825 3215 De
841 3150 972 3214 Verbis
992 3149 1136 3212 Domini

146 3255 319 3321 Sermone
343 3256 442 3320 LIII:
470 3258 573 3330 Deus
602 3257 727 3340 inquit,
755 3260 868 3320 iratus
897 3259 957 3319 dat
980 3260 1136 3317 creature

146 3366 193 3426 ad
216 3365 289 3426 eius
312 3363 518 3426 voluntatem
542 3372 572 3426 et
595 3365 686 3426 alias
704 3364 868 3444 placidus
895 3364 956 3424 dat
980 3363 1136 3422 creature

146 3469 193 3529 ad
216 3469 289 3530 eius
312 3469 505 3543 utilitatem,
529 3469 638 3530 eciam
662 3468 752 3547 quod
774 3485 841 3529 non
858 3466 985 3547 appetit
1003 3465 1134 3526 habere.

108 3588 118 3607 ⁶
146 3570 295 3653 Triplex
329 3579 446 3634 autem
478 3571 622 3653 ponitur
661 3571 865 3652 exemplum
885 3572 889 3650 Ι
910 3567 1024 3651 primi,
1057 3586 1136 3628 nam

200 3812 221 3854 8.
237 3810 313 3854 Codd.
322 3812 345 3853 in
355 3823 432 3865 marg:
446 3810 527 3855 clerus
536 3811 651 3866 quomodo
665 3815 732 3854 nocet
741 3809 800 3852 vr'vr's
814 3813 837 3852 et
846 3808 952 3851 mortula.
1008 3820 1029 3863 9.
1046 3806 1136 3851 codd:

147 3882 294 3926 destructum.
360 3891 392 3934 ¹7·
409 3879 485 3923 Codd.
496 3881 518 3922 in
532 3892 619 3935 marg:
635 3879 684 3922 Dat
697 3879 760 3922 Deus
774 3878 883 3934 r'ndIgm'r
899 3878 932 3920 ad
944 3888 1028 3932 penam
1036 3876 1137 3931 peccati·

148 3961 185 4003 24·
200 3949 336 4001 doctorem
351 3949 380 3992 B:
396 3949 551 3994 dotacionem.
607 3947 643 3994 30.
659 3947 735 3993 Codd.
749 3946 773 3990 lu
789 3958 876 4002 marga
897 3946 1062 3990 Exaudiuneur
1080 3945 1141 3989 mali

147 4031 162 4062 a
178 4019 228 4063 Deo
241 4017 287 4062 ribi
298 4019 322 4062 r'n
334 4030 427 4074 penam.

204 4143 241 4198 16.
261 4145 341 4197 Hebr.
356 4145 422 4210 lllll,
438 4145 460 4212 5,
472 4143 498 4195 6.
570 4156 611 4197 20.
632 4144 719 4195 Lucae
731 4144 773 4205 xl,
787 4144 810 4196 3.
884 4157 924 4207 27.
945 4143 1015 4207 Opp.
1027 4151 1092 4191 tom.
1105 4141 1138 4206 V,

152 4230 228 4298 1378:
248 4231 400 4298 Aliquando
418 4232 490 4282 Deus
509 4233 589 4282 iratus
611 4232 656 4282 dut
678 4231 751 4298 quod
776 4230 844 4296 petis
867 4239 893 4279 et
911 4230 983 4279 Deus
1007 4228 1137 4295 propitius

148 4329 224 4385 negat
243 4321 315 4385 quod
336 4321 411 4384 petis.

988 4399 1034 4452 16*
