3008 5026
183 393 251 437 cie.
266 382 341 460 vm]
485 398 528 447 ne
547 397 758 448 potestate
779 398 877 448 ΡΑΡΕ.

182 553 348 616 vendicat
372 564 538 634 papatum
563 562 713 635 propter
729 552 915 632 Christum,
939 562 1090 636 propter
1105 553 1172 634 pri·

182 657 338 720 mitatem
371 657 463 734 fidei,
496 668 647 741 propter
679 668 826 721 mortem
858 658 994 738 Jacobi‚
1032 657 1092 739 qui
1124 657 1173 719 ibi

183 760 297 842 primo
331 769 476 823 secutus
510 770 565 823 est
596 770 746 823 mortem
775 761 927 825 Domini.
968 759 1172 824 Constanti-

183 864 324 947 nopolis
340 885 429 928 vero
446 873 595 947 propter
612 885 740 928 nomen
766 866 907 939 cesaris,
932 865 992 948 qui
1016 865 1173 928 dotando

160 977 316 1031 §tantum
342 969 525 1032 decoravit
557 969 752 1036 ecclesiam.
790 970 836 1033 Et
859 969 988 1044 Roma,
1016 969 1098 1051 quia
1123 968 1174 1031 ibi

182 1073 293 1137 sancti
327 1073 480 1155 apostoli
504 1083 586 1136 sunt
618 1073 727 1138 occisi
760 1084 796 1136 et
826 1074 977 1154 realiter,
1006 1073 1087 1156 quia
1109 1072 1173 1135 im·

183 1187 367 1260 petrarunt
391 1198 410 1240 a
434 1198 556 1241 cesare
578 1179 647 1241 hoc
672 1179 908 1261 privilegium.

226 1282 272 1344 Et
295 1303 420 1345 revera
444 1303 567 1345 omnes
591 1292 627 1345 et
651 1283 809 1367 singulas
829 1283 974 1347 istarum
992 1301 1173 1344 causarum
1216 1301 1353 1397 ciiidiiie

183 1396 333 1469 propter
363 1386 665 1469 impertinenciam
697 1388 742 1450 ad
780 1397 947 1470 papatum
982 1394 1036 1448 est
1066 1394 1173 1468 turpe
1208 1404 1363 1512 dimidii?

1114 1489 1122 1504 ·
1358 1488 1363 1510 ,

143 1492 330 1574 10fingere,
360 1493 425 1554 sed
454 1492 693 1574 turpissimum
722 1493 818 1575 quod
845 1513 938 1575 papa
966 1490 1089 1572 aliquis
1112 1510 1172 1552 im·
1191 1510 1229 1553 ne
1245 1517 1316 1569 nore
1331 1509 1378 1551 na

183 1604 300 1677 petrat
333 1595 557 1680 privilegium
590 1595 675 1658 illud
709 1597 911 1659 concedere
943 1596 1000 1656 vel
1028 1595 1172 1673 donare,
1206 1562 1339 1668 beqnvnqe

183 1720 285 1781 quam
318 1709 441 1782 potest
474 1702 685 1776 concedere,
716 1703 813 1784 quod
847 1702 950 1763 datus
979 1698 1173 1782 episcopus

183 1802 280 1866 vivat
313 1803 454 1867 Christo
488 1803 643 1867 similius.
682 1803 755 1867 Sed
792 1804 884 1868 sicut
922 1802 1083 1885 sophista
1114 1802 1174 1864 vel

183 1907 360 1971 maniacus
384 1907 549 1970 concedit
576 1908 673 1991 quod
704 1907 806 1971 Deus
830 1916 956 1989 regnat
978 1906 1013 1969 in
1038 1904 1174 1988 angelis

144 2019 219 2073 15et
240 2020 358 2074 tamen
385 2032 456 2073 non
485 2011 645 2094 sequitur
674 2021 825 2095 propter
848 2032 948 2075 suum
975 2010 1173 2074 concedere

183 2116 259 2179 sive
290 2116 474 2198 imperium
503 2118 584 2198 plus
612 2118 671 2178 vel
698 2115 821 2194 minus,
859 2116 908 2179 ita
936 2124 991 2179 est
1016 2115 1060 2176 de
1090 2133 1173 2176 con·

183 2219 344 2282 cessione
372 2219 549 2302 privilegii
575 2240 670 2302 pape
694 2222 752 2283 vel
781 2220 921 2294 cesaris,
950 2230 988 2282 ut
1013 2219 1092 2302 quis
1121 2238 1174 2282 se·

183 2334 310 2406 quatur
343 2323 519 2386 Christum
552 2324 697 2388 similius
733 2324 769 2386 in
801 2324 943 2387 virtute.
990 2322 1063 2386 Sed
1096 2343 1175 2385 cum

183 2429 284 2491 locus
301 2427 346 2491 sit
356 2427 436 2490 huic
449 2427 612 2510 dignitati
628 2428 872 2510 impertinens,
884 2436 1031 2509 oportet
1047 2446 1174 2509 rogare

143 2554 174 2586 το
184 2532 373 2595 trinitatem
398 2532 574 2605 obnixius,
592 2533 781 2616 implorare
800 2532 1003 2615 suffragium
1022 2531 1175 2594 ecclesie

185 2637 368 2718 utriusque
406 2636 570 2701 humilius
609 2647 644 2700 et
683 2639 866 2701 attendere
900 2639 1032 2700 devote
1070 2635 1175 2698 bonis

185 2740 365 2822 operibus,
390 2749 429 2804 ut
443 2742 545 2803 Deus
571 2742 681 2826 eligat
704 2762 809 2824 quem
826 2741 990 2819 voluerit,
1007 2749 1043 2802 et
1059 2750 1173 2804 osten·

94 2850 156 2901 205⁴
184 2845 243 2906 dat
264 2845 269 2921 ἷ
290 2843 442 2907 oraculis
458 2846 515 2907 vel
540 2845 673 2907 sanctis
689 2845 870 2927 operibus,
894 2865 965 2927 que
981 2844 1176 2925 precedant

185 2948 400 3011 eleccionem
432 2949 626 3028 humanam,
662 2949 744 3031 quia
777 2948 910 3011 eleccio
943 2950 1093 3010 humana
1121 2955 1176 3009 est

144 3051 260 3115 mistis
292 3052 534 3134 impertinens.
574 3052 743 3115 Concedo
776 3051 885 3135 igitur
922 3073 999 3114 cum
1033 3050 1176 3113 domino

183 3154 407 3219 Ardmacano
434 3156 614 3219 historiam
644 3158 688 3219 de
715 3158 825 3219 beato
853 3157 962 3218 Petro
995 3154 1176 3237 quomodo

184 3259 310 3322 timore
335 3259 465 3323 cesaris
488 3260 680 3343 proposuit
702 3261 769 3324 sub
794 3262 914 3323 colore
938 3257 1067 3322 Christi
1095 3277 1176 3320 con-

185 3363 252 3426 silii
290 3384 308 3425 a
345 3364 463 3427 Roma
499 3364 682 3448 aufugere,
725 3373 760 3427 et
799 3364 976 3446 quomodo
1016 3361 1177 3424 obvianti

185 3467 324 3531 Christo
356 3469 390 3530 in
423 3478 527 3551 porta
560 3468 714 3531 civitatis
747 3478 784 3532 et
807 3466 984 3550 querenti:
1020 3467 1176 3539 Domine,

143 3586 247 3652 toque
270 3575 379 3655 vadiS,
407 3593 619 3655 responsum
649 3582 703 3636 est
742 3574 785 3634 ab
826 3593 869 3635 eo
894 3573 989 3634 venio
1027 3570 1176 3632 Romam

184 3680 308 3740 ilerum
332 3679 497 3759 crucifigi.
522 3678 591 3739 Per
607 3679 705 3760 quod
720 3678 850 3740 Petrus
874 3685 1072 3760 expectans
1096 3693 1176 3736 con·

185 3782 290 3864 cepit,
314 3786 412 3864 quod
428 3781 590 3844 dominus
608 3780 869 3864 crucifigendus
885 3779 952 3843 suit
966 3779 1017 3844 ibi
1032 3778 1067 3841 in
1087 3778 1177 3860 ipse.

183 3887 267 3971 quia
297 3888 400 3950 iuxta
429 3895 561 3949 rectam
586 3886 739 3968 logicam
764 3885 893 3949 Christi
917 3884 1040 3947 Matth.
1064 3882 1178 3945 XXV

1319 1624 1369 1657 l'om

1196 1667 1234 1710 the
1249 1614 1371 1721 ἐξέρποι

235 4074 257 4120 3.
273 4079 294 4119 Α
309 4076 333 4119 in
354 4086 440 4127 marg:
462 4073 526 4129 Papa
544 4073 825 4128 constantinopolitanus.
883 4072 902 4115 5.
924 4074 945 4115 Α
963 4071 987 4114 in
1008 4081 1094 4123 marg:
1114 4070 1179 4124 Papa

184 4144 310 4188 Romanus.
369 4144 402 4189 15.
417 4157 497 4187 suum:
512 4144 556 4188 llic
571 4146 659 4199 aliquot
674 4144 744 4187 verbe
759 4144 851 4186 desunt.
915 4155 944 4186 20
967 4141 1057 4187 coda:
1073 4140 1179 4183 obnixus.

184 4216 222 4260 25.
252 4216 290 4258 ΑΒ
305 4216 328 4259 in
344 4227 429 4269 marm:
446 4215 513 4270 Fuga
527 4214 593 4258 Petri
604 4217 634 4258 de
647 4214 727 4259 Roma.

239 4324 279 4376 33.
299 4321 390 4373 Matth.
409 4324 488 4390 XXV,
509 4325 541 4386 34
560 4338 635 4389 seqq.
