3008 5026
177 413 247 459 cae.
264 402 327 483 vn]
478 419 523 469 oe
542 418 753 470 POTESTATE
772 419 871 470 ΡΑΡῈκ
1327 421 1385 481 1³9

176 595 283 659 quem
307 574 466 639 Christus
494 575 706 658 intenderat,
734 584 773 638 ut
800 575 937 638 scilicet
963 575 1094 639 Petrus
1121 574 1167 637 sit
1190 586 1255 631 Peter
1269 594 1374 648 vaspot

177 679 382 762 capitaneus
426 689 464 743 et
504 679 605 762 pugil
646 679 842 762 precipuus
884 679 930 742 ad
967 679 1167 742 ducendum
1203 645 1360 799 ἷιῗςζῖἓῗὲῗσῗ

178 783 309 848 Christi
332 784 529 847 exercitum
552 783 620 847 sibi
647 784 801 861 similius,
834 783 972 848 scilicet
997 784 1079 859 fide,
1106 785 1167 847 hu·
1337 778 1343 791 '

176 887 324 950 militate
357 899 394 951 et
425 889 605 972 passione,
637 889 720 953 ideo
743 888 873 952 Petrus
907 889 1093 971 querendo
1123 888 1167 951 de

152 992 251 1055 §vita
274 993 496 1074 evangeliste
524 992 698 1075 signantis
721 993 830 1056 vitam
858 993 1168 1075 contemplativam

176 1097 317 1178 recepit
341 1117 553 1180 responsum
577 1097 710 1160 aDeo:
740 1097 831 1178 Quid
852 1099 901 1160 ad
922 1103 962 1175 te,
984 1103 1022 1160 tu
1043 1116 1099 1160 me
1113 1116 1167 1161 se-

176 1220 277 1281 quere
298 1202 377 1280 Joh.
401 1202 533 1277 ultim0‚
561 1220 609 1277 ¹9·
642 1201 754 1265 Istum
776 1201 886 1284 igitur
908 1221 1051 1264 sensum
1074 1221 1167 1264 com·

176 1315 322 1387 portant
345 1315 553 1389 argumenta
576 1307 647 1367 duo
670 1306 774 1387 facta,
796 1315 836 1369 ut
858 1326 947 1388 sepe
962 1305 1108 1389 repecii,
1128 1314 1169 1386 vet

178 1430 250 1472 non
274 1410 555 1473 dominacionem
579 1412 639 1474 vel
666 1411 839 1473 honorem
862 1411 1073 1488 secularem,
1096 1419 1167 1480 aut,

136 1539 167 1571 ιο
178 1523 217 1576 ut
233 1513 319 1578 dicit
333 1515 571 1591 Bernhardus‚
595 1524 814 1597 potestatem
837 1514 1045 1580 seculariter
1067 1515 1167 1578 casti·

177 1618 300 1699 gandi3
335 1618 428 1681 sicut
455 1628 564 1701 caput
592 1618 712 1682 verbis
737 1628 773 1683 et
795 1618 933 1700 intuitu,
957 1640 1028 1684 non
1051 1629 1168 1684 autem

178 1722 354 1804 corporali
375 1722 561 1786 invasione
584 1725 644 1786 vel
667 1723 923 1789 instrumentali
948 1725 1168 1807 defensione,

176 1825 293 1908 pascit
316 1836 352 1890 et
373 1828 469 1909 regit
490 1826 669 1890 residuum
695 1828 866 1911 corporis,
895 1829 993 1911 quod
1020 1829 1050 1893 si
1073 1849 1168 1913 pape

178 1931 347 1994 deficiunt
373 1931 481 2011 visus,
516 1931 657 1994 auditus
689 1940 725 1994 et
752 1932 866 1995 omnis
893 1952 1021 1997 sensus
1049 1935 1094 1997 ad
1115 1953 1167 1997 re-

138 2038 334 2117 15gendum
366 2035 563 2119 capitaliter
594 2055 726 2119 corpus
751 2035 890 2119 Christi,
923 2037 1008 2120 quid
1040 2037 1109 2102 sibi
1131 2046 1169 2102 et

177 2159 272 2222 pape
299 2142 359 2203 vel
391 2139 499 2224 capiti
526 2140 656 2205 Christi
683 2142 855 2205 ecclesie?
900 2142 1047 2206 Revera
1074 2143 1169 2206 nulla

179 2244 313 2307 eleccio
345 2247 407 2308 vel
442 2246 662 2328 approbacio
699 2246 850 2308 humana
885 2254 1010 2328 potest
1047 2247 1167 2311 facere

179 2351 277 2430 quod
299 2349 380 2414 talis
401 2351 443 2413 fit
466 2359 574 2434 caput
594 2351 653 2413 vel
666 2349 834 2414 articulus
851 2350 981 2415 Christi
1005 2351 1167 2433 ecclesie,

178 2454 243 2515 sed
267 2454 484 2518 mendaciter
505 2455 746 2539 presumendo
770 2455 821 2518 sic
844 2475 973 2519 nomen
995 2456 1037 2520 fit
1060 2467 1167 2539 caput

136 2582 169 2616 πο
180 2558 329 2621 ecclesie
346 2560 614 2643 malignancium
625 2568 663 2622 et
677 2579 866 2645 synagoge
877 2562 1033 2624 sathane.
1048 2560 1167 2625 Homo

90 2672 150 2740 ¹95⁸
179 2663 270 2725 enim
302 2666 410 2727 habet
441 2685 489 2727 ex
521 2684 560 2728 se
580 2664 585 2749 Ι
604 2664 807 2747 potenciam
835 2663 990 2727 vadendi
1021 2675 1058 2729 et
1086 2684 1167 2728 esse

178 2770 373 2831 membrum
405 2767 560 2851 dyaboli,
594 2770 659 2831 sed
691 2788 762 2831 non
793 2768 904 2831 habet
933 2768 1002 2832 nisi
1034 2790 1056 2832 a
1085 2768 1166 2832 Deo

179 2892 259 2934 esse
282 2874 478 2936 membrum
501 2872 668 2945 ecclesie;
694 2881 840 2955 oportet
856 2873 948 2936 enim
966 2873 1168 2956 proximum

180 2976 309 3040 Christi
336 2977 504 3041 vicarium
536 2997 617 3041 esse
644 2977 756 3041 instar
784 2977 840 3041 sui
871 2977 1098 3060 spiritualem,
1129 2985 1169 3041 ut

136 3088 167 3140 πᾶ
180 3083 287 3145 docet
308 3081 404 3145 Luce
428 3081 495 3164 IX,
519 3102 569 3162 55,
594 3086 633 3162 56
657 3084 703 3145 de
725 3083 839 3146 tribus
862 3083 1036 3166 apostolis
1059 3103 1167 3167 appe·

179 3187 336 3251 tentibus
377 3188 561 3250 humanam
603 3187 809 3251 vindictam:
855 3187 1009 3268 Nescitis,
1052 3187 1168 3271 inquit

181 3289 352 3370 Christus,
383 3294 482 3356 cuius
508 3293 654 3373 spiritus
681 3294 771 3368 estis,
794 3293 898 3373 filius
923 3294 1074 3357 hominis
1098 3311 1167 3357 uon

178 3397 267 3459 venit
289 3397 430 3461 animas
446 3399 595 3477 perdere
616 3398 677 3460 sed
697 3399 844 3461 salvare.
867 3396 1003 3460 Miticia
1016 3416 1168 3480 namque

180 3513 216 3562 et
238 3520 309 3563 non
333 3520 464 3582 guerra
485 3500 725 3584 possidebunt
747 3509 876 3565 terram
896 3501 1108 3584 vivencium,
1131 3510 1170 3564 ut

136 3614 170 3665 30
179 3606 288 3668 docet
299 3606 441 3669 Veritas
452 3605 575 3670 Matth.
586 3605 628 3670 V.
645 3605 693 3669 Et
707 3605 789 3669 hinc
805 3614 905 3669 notat
916 3605 1170 3690 Crysostomus

179 3729 289 3792 super
315 3709 459 3792 primam
488 3710 674 3793 epistolam
702 3710 828 3794 ibym.
853 3709 991 3775 Omelie
1010 3711 1059 3774 V:
1082 3710 1170 3789 Non,

178 3814 303 3897 inquit,
319 3817 368 3878 ait
383 3818 557 3897 apostolus
572 3817 830 3880 auctorabiliter
843 3835 947 3896 neque
962 3817 1170 3880 dominative

179 3937 283 4002 neque
292 3938 370 3984 cum
375 3925 549 4001 potestate,
558 3921 618 3985 sed
618 3920 689 4003 fili,
705 3919 762 4003 ait,
777 3919 1011 4003 Thymothee‚
1035 3930 1072 3982 et
1085 3921 1168 3983 ideo

232 4158 270 4206 30.
285 4162 308 4204 A
322 4160 345 4204 in
360 4172 447 4216 marg:
463 4159 546 4206 claves
559 4159 642 4206 Petrus
660 4161 749 4216 recepit
762 4171 808 4204 non
827 4160 966 4215 simpliciter
976 4171 1022 4215 pro
1036 4171 1062 4203 ae
1073 4159 1116 4203 red
1127 4171 1168 4216 ge·

179 4230 294 4275 realiter
305 4241 351 4286 pro
365 4231 470 4277 ecclesia.

234 4359 274 4409 31,
294 4357 364 4423 Opp.
380 4367 444 4410 tom.
462 4358 505 4423 Xl,
526 4357 583 4423 527.
