3008 5026
138 405 205 451 cap.
221 389 273 478 m]
432 410 477 460 ns
496 410 710 461 POTESTATE
731 412 830 463 enea.

139 566 231 629 enim
255 565 455 629 Cestrensis
478 566 570 629 libro
594 586 659 629 suo
684 567 736 629 IV
760 566 941 648 quomodo
960 571 1039 648 post
1055 565 1125 629 Sil-

136 677 286 735 veslrum
307 672 465 734 successit
484 671 639 752 Marcus,
662 671 718 733 cui
740 672 898 734 successit
919 669 1047 752 Julius,
1069 671 1129 750 qni

132 794 260 858 passus
282 780 329 838 est
352 776 491 838 exilium
515 777 706 855 decennale,
729 781 759 838 et
775 781 852 856 post
867 776 956 838 liuere
969 775 1128 838 successit

136 880 302 959 Liberius,
331 880 372 941 ele
393 897 458 958 qno
484 900 559 962 cap.
583 900 619 958 9¹
648 879 708 941 lib.
731 878 784 942 lV
809 878 1009 942 Cestrensis
1035 876 1128 958 dicit,

113 985 235 1066 §quod
261 984 360 1046 iussu
383 982 606 1048 Constantini
634 985 747 1047 extilal
773 986 883 1048 tribus
910 985 1022 1065 annis,
1045 985 1128 1063 qnia

136 1088 303 1152 Arrianis
324 1087 450 1167 favere
480 1091 597 1153 noluit.
634 1088 686 1152 De
717 1089 816 1152 cuins
848 1090 988 1152 consilio
1017 1090 1128 1151 elerns

135 1193 316 1257 Romanus
343 1194 518 1257 ordinavit
544 1193 683 1255 interim
707 1191 852 1256 Felicem
875 1211 1019 1274 papam.
1062 1190 1128 1272 Qui

135 1298 298 1359 celebrato
330 1300 471 1362 consilio
503 1297 590 1359 dnos
617 1296 824 1377 presbiteros
846 1297 1019 1360 Arrianos
1046 1314 1126 1358 con-

136 1402 327 1482 dempnans
365 1404 468 1465 eiecit.
515 1400 590 1464 Hoc
622 1401 739 1462 audito
766 1401 924 1464 Liberius
954 1402 998 1463 ab
1029 1401 1127 1464 exilio

96 1530 125 1562 ιο
137 1511 323 1580 revocatur,
346 1509 404 1588 qui
420 1506 512 1568 exilii
526 1506 752 1568 diciturnitale
767 1507 917 1569 devictus
932 1510 962 1567 et
975 1510 1129 1586 papatus

136 1611 385 1691 resuscepcione
408 1611 627 1685 exhilaratus,
651 1612 699 1674 ad
721 1611 904 1673 hereticam
916 1611 1127 1691 pravitatem

135 1716 301 1777 consensit
324 1720 353 1777 et
375 1714 484 1777 Felice
507 1716 631 1779 deiecto
655 1715 831 1777 ecclesiam
855 1713 948 1777 Petri
970 1719 1001 1776 et
1024 1712 1128 1776 Panli

136 1823 165 1880 el
179 1818 365 1883 Laurentii
386 1821 493 1882 tenuit
515 1821 685 1895 violenter,
711 1821 760 1882 ita
783 1825 819 1882 nt
834 1820 949 1883 clerici
965 1823 995 1881 et
1010 1836 1126 1881 sacer·

135 1925 227 1986 dotes
249 1922 352 1986 Felici
365 1922 525 2002 faventes
547 1923 681 1987 Liberio
704 1942 771 1986 non
791 1924 989 2005 probibente
1013 1925 1049 1985 in
1073 1940 1126 1985 ec-

96 2028 238 2089 15elesia
261 2029 509 2105 cruciarentur,
532 2027 625 2091 Felix
652 2045 730 2091 vero
758 2029 1015 2105 martyrizatur.
1053 2025 1127 2089 Iste
1138 2039 1293 2136 iiiiim‘m
1308 2040 1344 2084 ted

136 2139 251 2194 autem
290 2131 497 2194 maledictus
530 2130 693 2194 Liberius
732 2151 804 2194 non
840 2130 935 2194 foret
968 2132 1049 2213 plus
1081 2129 1127 2193 de
1157 2104 1194 2136 ¹²
1217 2099 1345 2148 anerey.

135 2243 268 2317 papatu
300 2235 492 2299 exilaratus
525 2244 562 2299 et
594 2236 726 2299 cadens
758 2235 793 2298 in
820 2233 972 2299 heresim
1000 2233 1127 2317 pocius

136 2359 239 2420 quam
276 2360 370 2422 pape
409 2349 490 2403 ante
529 2339 753 2403 dotacionem
790 2338 859 2403 nisi
891 2348 1045 2422 propter
1078 2338 1126 2400 in·

135 2445 330 2507 naturalem
353 2454 505 2527 papatus
528 2444 791 2527 pinguedinem.

94 2568 126 2603 20
178 2547 225 2611 Et
247 2558 348 2630 patet
371 2547 604 2630 probabiliter
627 2547 737 2611 maior
753 2547 901 2611 secundi
917 2546 1124 2629 argumenti.
1200 2559 1283 2604 neore

1166 2613 1317 2659 endowment

135 2651 253 2714 Minor
268 2661 384 2716 autem
401 2672 448 2715 ex
462 2655 532 2715 hoc
550 2652 679 2732 evidet,
695 2654 792 2734 quod
809 2661 889 2715 ante
901 2649 1126 2715 dotacionem
1153 2665 1325 2760 ‘bibiliol

136 2756 289 2819 ecclesie
305 2777 377 2819 non
393 2756 535 2820 fuerunt
550 2756 693 2820 nomina
708 2755 792 2819 cleri
808 2756 924 2820 taliter
946 2755 1125 2839 baptizata
1142 2767 1246 2863 b‘ii‘i‘n
1260 2767 1344 2863 eldedrs.

136 2870 173 2922 et
195 2880 262 2943 per
285 2880 511 2943 consequens
534 2881 602 2924 nec
626 2860 837 2943 dignitatum
862 2858 988 2924 officia.
1026 2859 1125 2922 Idem
1188 2832 1304 2926 iribiin

136 2964 228 3027 enim
267 2964 333 3028 fuit
369 2974 450 3029 ante
490 2965 714 3028 dotacionem
747 2963 899 3028 ecclesie
938 2963 1127 3047 presbiter,

94 3070 329 3153 aepiscopus
358 3078 394 3133 et
421 3070 597 3148 sacerdos,
626 3079 665 3133 ut
692 3069 855 3132 dominus
882 3069 1126 3132 Ardmacanus

136 3173 293 3236 ostendit
320 3172 411 3236 libro
439 3173 496 3236 XI
523 3175 580 3236 De
604 3171 860 3254 Questionibus
888 3173 1126 3237 Armenorum

135 3276 170 3339 V
193 3296 269 3360 cap.
294 3297 341 3340 ex
363 3276 539 3361 scriptura
560 3276 757 3358 multiplici,
784 3277 898 3359 primo
928 3296 975 3340 ex
998 3276 1058 3339 illo
1082 3276 1127 3338 ad

135 3380 267 3462 Tytum
289 3380 315 3461 I,
340 3400 368 3460 5,
391 3385 425 3443 6:
453 3381 588 3461 Reliqui
610 3386 641 3445 te
666 3379 771 3462 Crete,
799 3386 836 3445 ut
859 3400 899 3444 ea
922 3399 985 3461 qne
1007 3382 1128 3443 desunt

135 3486 300 3566 corrigas,
328 3491 357 3548 et
384 3486 569 3549 constituas
591 3504 658 3566 per
684 3487 835 3549 ciuitates
852 3487 1068 3565 presbiteros,
1095 3485 1127 3547 si

94 3590 211 3669 soquis
224 3590 298 3652 sine
312 3591 459 3653 crimine
474 3595 532 3672 est,
556 3591 661 3653 unius
676 3591 794 3652 erroris
813 3590 875 3667 vir,
889 3589 988 3668 filios
1001 3590 1127 3652 liabens

134 3694 268 3772 fideles,
290 3713 359 3757 non
375 3696 410 3757 in
427 3695 646 3758 accusacione
660 3695 796 3757 luxrrrie
809 3698 871 3756 aul
884 3712 953 3755 non
968 3692 1126 3755 subditos

44 3819 108 3872 210·¹
135 3797 182 3862 Et
200 3795 205 3882 l
226 3798 347 3862 subdit
362 3818 502 3862 causam
518 3796 739 3861 condicionis
755 3796 955 3881 presbiteri
980 3795 1126 3879 Oportet,

191 4082 210 4116 2.
231 4071 272 4117 ΑΒ
291 4072 314 4116 in
335 4084 421 4128 marga
442 4071 563 4127 Depositio
579 4082 643 4127 pape
661 4071 766 4115 heretici.
834 4085 856 4125 4.
877 4069 947 4115 Nunc
965 4082 1015 4127 cap.
1036 4069 1126 4114 XXVII.

138 4143 175 4186 26.
199 4142 240 4186 ΑΒ
264 4142 287 4185 in
312 4153 398 4197 murga
423 4140 555 4197 Episcopus
575 4141 692 4196 presbiter
719 4146 743 4185 et
767 4141 880 4184 racmdor
902 4141 956 4183 olim
981 4139 1031 4192 suit
1057 4140 1126 4182 idem.

138 4224 174 4266 ²9·
191 4211 220 4256 B:
233 4224 277 4267 per
291 4211 396 4255 ciuitates
411 4212 483 4254 deest.

193 4352 213 4391 1.
232 4337 264 4402 V,
288 4334 343 4401 146,
366 4334 421 4398 148,
445 4337 500 4390 158.
573 4334 616 4386 25.
634 4334 674 4389 Cf.
693 4336 851 4402 Trialogum
872 4336 928 4400 276.
