3008 5026
687 410 856 461 somissis
875 409 1016 460 wiern
1207 385 1289 474 [cin.
1312 402 1352 447 ιν.

361 588 516 650 sequens
539 587 632 630 nunc
656 566 853 649 eligibilior.
880 566 954 632 Sed
978 566 1154 650 cupiditas
1178 575 1214 628 et
1238 565 1353 629 fastus

361 671 521 746 obviant;
570 671 698 734 dicitur
745 670 835 734 enirn
874 672 972 753 quod
1018 671 1131 735 nostri
1174 671 1353 733 electores

361 776 567 840 discernunt
589 776 715 839 melius
740 776 831 838 sicut
852 775 1022 859 apostoli;
1055 796 1123 839 nec
1146 775 1237 838 tales
1259 775 1352 837 blas·

359 879 483 943 femias
508 881 616 942 credo
641 899 779 942 cessare
795 888 984 961 antequam
1005 887 1117 942 status
1133 880 1352 960 prelatorum

361 987 431 1049 sint
446 995 580 1049 tantum
603 984 787 1048 extenuati
802 1007 823 1047 a
843 984 1030 1047 commodo
1048 983 1234 1067 temporali
1254 983 1378 1065 quod5

360 1091 516 1154 officium
528 1091 686 1172 capiatur
697 1099 848 1172 propter
863 1089 1025 1152 meritum
1039 1098 1076 1152 et
1092 1109 1163 1151 non
1179 1090 1352 1151 honorem

360 1197 418 1258 vel
443 1196 667 1258 commodum
691 1196 897 1277 temporale.

178 1325 315 1386 uer-eunary
405 1299 582 1381 Quantum
606 1301 652 1363 ad
675 1308 836 1381 quartum
865 1300 1005 1362 modum
1030 1298 1238 1361 instituendi
1261 1319 1351 1360 sum·

149 1389 287 1472 iiiii-{iil
299 1390 346 1472 lii?
360 1426 452 1467 mum
471 1406 692 1467 sacerdotem
716 1404 791 1467 iure
813 1404 1026 1467 hereditario
1043 1411 1144 1484 patet
1167 1403 1264 1485 quod
1282 1404 1353 1465 hoc

194 1481 300 1525 ouuw.
359 1509 426 1573 fuit
459 1530 506 1571 ex
538 1508 766 1571 ordinacione
794 1508 864 1570 Dei
897 1508 977 1570 olim
1010 1506 1237 1576 autenticum,
1271 1506 1353 1588 quia
1368 1527 1397 1560 10

359 1614 475 1676 Exod.
500 1611 670 1676 XXVIII
694 1623 731 1674 et
754 1611 890 1675 XXIX
915 1612 1065 1674 docetur
1088 1614 1267 1694 quomodo
1291 1611 1354 1674 filii

359 1718 481 1780 Aaron
503 1716 622 1778 forent
646 1717 852 1779 sacerdotes
884 1715 959 1778 iure
983 1724 1172 1799 perpetuo,
1197 1724 1234 1778 et
1256 1715 1352 1778 idem

359 1829 460 1903 patet
469 1820 614 1883 Numeri
631 1819 743 1882 XXV
762 1821 805 1883 de
822 1821 962 1890 Finees,
985 1822 989 1903 l
1009 1820 1080 1883 filio
1099 1820 1267 1901 Eleazari,
1290 1819 1353 1883 filii
1388 1823 1444 1889 178‘

358 1926 481 1987 Aaron
507 1943 585 1986 cum
610 1943 744 2005 genere
768 1944 844 2004 suo,
873 1926 970 2006 quod
997 1924 1209 2008 fungeretur
1236 1944 1351 1987 sacer-

359 2028 464 2091 docio
488 2027 563 2091 iure
587 2036 775 2109 perpetuo.
1367 2033 1394 2084 ¹5

139 2144 348 2251 tiltesapgppeffigt
402 2131 476 2197 Sed
500 2131 631 2213 triplex
653 2133 797 2216 ponitur
814 2153 920 2195 causa
943 2153 1052 2215 quare
1078 2141 1241 2216 tempore
1257 2134 1349 2217 legis

341 2230 477 2320 ¹gracie
502 2237 744 2300 sacerdocium
762 2257 832 2300 non
850 2237 901 2300 sic
919 2238 1018 2300 vadit
1034 2238 1109 2300 iure
1125 2238 1351 2305 hereditario,

357 2341 474 2404 Prima
490 2340 572 2423 quia
588 2343 796 2405 sacerdotes
813 2342 925 2403 nostri
942 2351 979 2404 et
1001 2342 1203 2424 specialiter
1226 2343 1352 2406 summi

356 2446 547 2529 pontifices
580 2447 714 2508 debent
747 2455 843 2510 caste
868 2447 991 2509 vivere
1023 2446 1135 2510 instar
1158 2446 1290 2511 Christi
1315 2458 1352 2511 et

356 2570 422 2633 per
446 2570 672 2632 consequens
695 2571 767 2614 non
786 2550 989 2633 relinquere
1006 2572 1069 2614 sue
1087 2552 1217 2614 carnali
1234 2551 1352 2615 soboli
1364 2570 1396 2604 ²0

356 2655 412 2718 ius
426 2657 472 2717 ad
488 2653 684 2737 quicquam.
708 2653 875 2718 Secunda
891 2675 997 2719 causa
1019 2664 1074 2719 est
1090 2657 1172 2738 quia
1189 2655 1352 2720 Christus

356 2758 470 2821 noluit
504 2757 580 2822 eius
611 2759 765 2822 vicarios
797 2760 930 2822 habere
964 2760 1124 2824 seculare
1158 2760 1351 2823 dominium

356 2864 415 2925 vel
448 2864 619 2925 honorem
654 2865 718 2926 sed
747 2864 888 2927 omnino
912 2865 1034 2947 specie
1063 2864 1271 2928 hereditatis
1296 2885 1352 2927 ce·

356 2967 466 3048 lestis,
491 2987 561 3048 que
585 2969 699 3030 solum
724 2968 827 3030 datur
849 2968 1124 3050 patrissantibus
1140 2970 1176 3031 in
1192 2968 1352 3033 moribus

358 3068 600 3151 spiritualibus
623 3071 703 3133 filiis
726 3072 916 3153 adoptivis.
954 3072 1082 3135 Tereia
1105 3092 1210 3135 causa
1234 3081 1289 3136 est
1312 3077 1393 3134 ut25

356 3192 423 3235 nos
440 3183 602 3255 tempore
618 3175 711 3257 legis
727 3175 848 3257 gracie
866 3175 1082 3257 spiritualius
1099 3178 1351 3258 procedentes²

358 3276 534 3339 discamus
574 3278 708 3360 eligere
748 3279 913 3341 meliores
948 3289 984 3343 et
1020 3300 1136 3343 amare
1171 3280 1351 3364 duplicem

357 3380 607 3462 virginitatem,
637 3393 673 3443 et
701 3384 798 3464 quod
822 3384 1013 3466 spiritualis
1042 3384 1270 3466 prepositura
1293 3382 1352 3447 vel

357 3484 511 3566 dignitas
536 3488 732 3550 sacerdotis
756 3508 827 3551 non
852 3490 897 3551 sit
914 3490 1062 3552 carnalis
1079 3491 1143 3552 sed
1160 3488 1353 3573 spiritualis

358 3609 403 3650 ex
435 3589 612 3652 filiacione
645 3591 680 3654 in
713 3593 881 3673 moribus,
916 3614 994 3657 cum
1023 3593 1202 3656 hereditas
1225 3593 1283 3656 illa
1307 3595 1353 3657 sit
1365 3599 1396 3650 30

358 3694 567 3776 cuicumque
592 3696 810 3778 promerenti
843 3697 1059 3763 indifferens.
1104 3697 1264 3760 Necesse
1297 3708 1352 3761 est

357 3796 465 3879 igitur
498 3799 595 3880 quod
628 3821 784 3863 summus
818 3804 987 3865 sacerdos
1020 3813 1144 3865 noster
1183 3801 1228 3864 sit
1253 3801 1288 3864 in
1313 3823 1352 3865 se

358 3909 456 3964 totus
474 3902 647 3966 collectus
666 3903 757 3966 circa
775 3904 1040 3969 edificacionem
1058 3904 1210 3969 ecclesie
1228 3915 1264 3968 et
1279 3925 1351 3968 non

410 4211 430 4252 8.
447 4212 465 4253 Α
479 4211 500 4252 in
513 4222 599 4262 marg:
615 4212 705 4254 Surnmr'
712 4212 831 4266 pontificis
842 4214 960 4257 {restitucio
973 4216 1026 4256 iure
1037 4215 1190 4259 hereditario.
1249 4216 1281 4258 16.
1300 4217 1350 4258 hin

357 4291 443 4332 inarg:
470 4279 582 4333 'tempore
606 4280 669 4336 Iegis
689 4282 773 4335 gracie
792 4283 950 4325 sacerdocium
971 4296 1018 4325 non
1040 4287 1116 4326 curri!
1134 4285 1186 4327 iure
1205 4287 1351 4328 hereditario

356 4349 445 4403 triplici
458 4360 537 4391 causa.
