3008 5026
648 393 817 445 sosimus
836 391 976 443 wxcnu
1172 373 1254 454 [cae.
1269 383 1309 429 vr.

252 594 261 637 ,
320 555 429 617 multe
458 559 542 615 sunt
566 551 669 634 leges
696 547 907 630 huiusmodi,
941 566 1010 631 que
1038 566 1162 610 omnes
1184 545 1311 610 intelli·

321 666 452 742 guntur
477 658 573 740 quod
597 676 701 719 nemo
718 655 828 718 debet
844 651 1027 736 illegitime
1048 651 1192 715 fratrem
1209 671 1311 715 suum

323 762 518 845 corripere;
540 781 613 824 non
637 759 728 823 enim
748 758 911 823 subiacet
926 756 1145 821 ordinacioni
1159 758 1311 820 humane

322 866 589 949 correpcionem
617 864 806 928 fraternam
836 883 939 947 quam
968 861 1128 926 Christus
1156 860 1313 944 precipit

321 971 447 1035 Matth.
475 968 605 1033 XVIII
634 989 709 1052 cap.
736 969 940 1053 prohibere.
987 966 1064 1031 Nec
1091 967 1202 1030 debet
1233 965 1335 1048 quis5

323 1083 533 1158 attemptare
581 1074 763 1157 corripere
813 1094 915 1137 suurn
966 1071 1198 1155 prepositum,
1245 1070 1313 1134 nisi

321 1190 472 1264 propter
500 1178 679 1242 defectum
706 1178 893 1258 notorium,
926 1198 1032 1261 quem
1058 1177 1179 1241 dicere
1204 1177 1313 1239 debet

323 1284 487 1364 ecclesie,
529 1285 670 1365 quando
703 1283 910 1367 prepositus
941 1282 1082 1347 notorie
1121 1280 1258 1345 excidit
1294 1300 1314 1343 a

322 1388 464 1452 racione
496 1387 607 1471 patris
640 1396 677 1450 et
699 1386 864 1470 pastoris.
897 1386 1048 1469 Quando
1081 1386 1221 1449 scilicet
1247 1403 1313 1447 nec

323 1492 440 1575 gignit
463 1512 530 1555 nee
553 1492 655 1554 fovet
678 1492 859 1554 subditum
878 1494 992 1556 verbo
1008 1491 1089 1572 Dei,
1112 1499 1197 1554 tunc
1221 1488 1354 1552 enim10

325 1604 381 1660 est
403 1604 476 1660 tam
499 1616 631 1679 expers
655 1596 808 1659 racionis
831 1595 945 1679 patris
969 1615 1072 1678 quam
1101 1614 1235 1678 expers
1260 1604 1315 1658 est

324 1700 475 1784 quilibet
498 1722 517 1764 a
540 1720 765 1783 quocumque
789 1700 902 1783 patris
919 1721 1031 1783 opere
1047 1701 1196 1781 alienus3
1219 1701 1314 1764 unde

324 1813 477 1887 peccant
507 1804 568 1887 qui
599 1804 818 1867 mendaciter
843 1806 938 1867 'tales
979 1813 1101 1887 patres
1131 1804 1316 1868 nominant

325 1910 384 1971 vel
407 1917 581 1991 pastores.
605 1908 680 1974 Sed
703 1918 741 1972 ut
763 1911 956 1993 procedam
976 1909 981 1992 Ι
1001 1909 1115 1973 minus
1138 1909 1315 1974 intricabi·
1345 1898 1395 1970 194⁸

118 2027 169 2071 cur
183 2027 259 2070 anan
273 2037 303 2068 on
325 2012 407 2075 liter
430 2021 467 2076 et
481 2012 658 2076 remocius
675 2035 697 2076 a
711 2013 833 2077 verbis
850 2014 1016 2096 scandali,
1033 2012 1193 2077 securius
1209 2033 1316 2077 servo
1329 2008 1355 2058 ¹5

112 2081 149 2123 the
163 2079 316 2135 pseudopope
394 2116 401 2131 ,

114 2131 312 2239 ῑὲχιέξὲῐρῐοέεὲὲιαι
327 2136 382 2179 me
392 2137 428 2180 1n
444 2116 565 2180 verbis
575 2118 801 2203 generalibus
812 2128 849 2180 et
860 2117 1173 2195 condicionalibus,
1190 2138 1262 2202 que
1272 2119 1317 2182 ad

119 2237 173 2297 vio
187 2195 305 2296 recurrit
328 2221 538 2285 auditorium
562 2230 599 2285 et
613 2242 803 2306 personam
817 2223 871 2286 rei
886 2223 1020 2286 debent
1040 2223 1191 2287 faciliter
1206 2224 1317 2307 appli-

146 2296 163 2331 η
178 2289 214 2331 ¹³¹⁸
230 2289 286 2331 Μ’
329 2327 399 2389 cari
428 2326 620 2390 efficaciter
643 2327 687 2389 ad
711 2337 895 2408 errantem,
925 2338 964 2391 ut
990 2329 1107 2390 nullus
1133 2348 1228 2411 papa
1251 2327 1318 2391 nisi

326 2429 420 2494 forte
452 2429 520 2494 sibi
552 2431 714 2495 conscius
747 2431 946 2515 imponeret
977 2432 1045 2495 sibi
1070 2431 1234 2496 raciones
1258 2434 1317 2496 de·

329 2536 476 2598 claratas
492 2535 656 2618 superius
673 2537 865 2600 convenire
882 2537 1144 2600 antonomatice
1163 2537 1316 2620 pseudo·
1329 2546 1358 2580 ²⁰

328 2658 431 2721 pape.
454 2638 559 2702 Unde
582 2661 654 2703 non
678 2640 884 2705 evidencius
907 2651 1033 2723 posset
1054 2641 1133 2724 quis
1150 2641 1319 2706 scandali·

328 2763 407 2805 zare
440 2763 479 2806 se
509 2744 636 2827 ipsum,
668 2766 772 2829 quam
804 2745 873 2809 sibi
904 2747 1083 2829 applicare
1116 2745 1193 2809 sine
1225 2745 1319 2829 pluri

329 2847 411 2910 data
438 2847 623 2912 evidencia
644 2851 793 2913 verbum
816 2849 1017 2914 huiusmodi
1044 2851 1220 2933 generale.
1258 2848 1318 2914 Sic

330 2951 421 3014 enim
446 2952 610 3017 exierunt
632 2954 834 3037 incipiendo
859 2975 879 3017 a
903 2954 1101 3018 senioribus
1127 2956 1319 3018 adulteram

330 3065 536 3120 accusantes
551 3058 630 3136 Joh.
641 3058 739 3122 VIII.
757 3057 817 3122 Sic
834 3066 870 3122 et
885 3060 1091 3122 sacerdotes
1107 3068 1144 3122 et
1158 3058 1320 3122 Pharisei
1330 3052 1359 3102 ²5

331 3172 578 3244 cognoverunt
609 3162 707 3244 quod
731 3161 893 3226 Christus
926 3164 970 3226 de
1002 3162 1090 3246 ipsis
1124 3163 1261 3227 diceret
1283 3162 1320 3226 in

331 3264 403 3327 suis
420 3265 609 3347 parabolis,
631 3266 756 3332 Matth.
780 3266 885 3331 XXI.
911 3266 1018 3349 Quod
1041 3268 1072 3331 si
1085 3267 1320 3351 probabiliter

332 3390 551 3453 cognovero,
562 3372 659 3453 quod
674 3372 862 3455 predicans
874 3372 1029 3455 applicat
1045 3374 1089 3437 ad
1103 3393 1159 3436 me
1169 3374 1320 3436 verbum

331 3473 530 3538 huiusmodi
552 3476 730 3558 generale,
760 3476 970 3540 examinabo
995 3476 1109 3559 primo
1134 3476 1321 3541 veritatem

332 3579 524 3660 sentencie,
558 3582 715 3645 seeundo
748 3590 863 3644 utrum
894 3581 931 3644 in
957 3583 1025 3644 hoc
1049 3601 1126 3645 sum
1154 3581 1320 3646 conscius
1332 3578 1363 3630 30

331 3683 436 3746 michi
457 3683 535 3766 ipsi
558 3685 605 3748 Et
626 3686 739 3749 tercio
763 3685 972 3750 festinanter
994 3686 1104 3750 instar
1125 3707 1181 3749 me
1204 3687 1322 3770 ipsum

334 3789 513 3870 corrigere
542 3799 579 3852 et
600 3792 785 3854 reddendo
808 3791 888 3854 Deo
913 3790 1050 3874 gracias
1073 3794 1185 3855 verba
1212 3812 1321 3876 gene·

333 3894 418 3956 ralia
444 3893 535 3958 nitar
563 3894 734 3977 equaliter
762 3898 936 3978 tollerare,
964 3897 1046 3979 quia
1071 3896 1174 3960 nimis
1203 3905 1322 3961 osten·

335 4000 423 4062 dunt
445 4019 542 4062 suam
566 4000 764 4079 stulticiam,
788 3999 849 4084 qui
872 4021 919 4064 ex
941 4000 1071 4065 talibus
1087 4000 1208 4065 verbis
1229 4022 1322 4066 com-

390 4255 423 4303 13,
440 4258 648 4312 szatresdeest.
719 4258 753 4305 ιδ.
769 4259 797 4304 B:
811 4264 836 4303 et
848 4260 920 4307 deest.
976 4257 1321 4316 17.B:etrei.16.Codd.=

335 4327 367 4370 ad
380 4330 452 4372 deest.
