2940 5032
646 369 815 420 ιοιιιιιιιιιε
835 369 975 420 wrcen
1178 351 1261 440 [cun.
1274 367 1301 411 ιι.

317 530 448 592 mundi.
480 527 559 590 lum
582 528 743 592 attendite
765 533 884 592 contro
907 546 988 606 quos
1008 529 1173 609 superbos
1197 525 1301 593 inten-

317 636 416 697 debat
430 634 578 713 digitum
595 632 751 696 IoanneS.
774 631 936 697 Nondum
952 638 1052 696 erunt
1071 634 1145 696 noti
1165 634 1303 698 heretici

317 744 347 802 et
362 740 435 800 iam
451 739 720 814 ostendebantur,
736 741 853 800 contra
870 738 948 801 ilios
962 738 1135 801 clamabat
1150 757 1173 800 a
1179 739 1302 820 fluvio.

316 842 421 906 Unde
442 861 530 925 sepe
544 840 791 923 imposuerunt
804 840 910 920 Judei
927 839 1067 904 Christo
1082 838 1302 905 blasfemiam

318 966 364 1009 ex
394 947 465 1010 hoc
497 946 594 1029 quod
626 954 776 1029 peccata
808 945 939 1009 dimisit
970 945 1187 1029 simpliciter,
1221 946 1325 1030 quias

316 1071 388 1115 non
411 1051 595 1114 dimittitur
616 1059 804 1134 peccatum
832 1050 1037 1133 simpIIciter
1063 1050 1130 1114 nisi
1153 1071 1201 1114 ex
1222 1054 1301 1132 hoc,

317 1156 415 1240 quod
436 1154 571 1219 offensa
592 1157 629 1220 in
650 1157 768 1220 Deum
790 1156 937 1234 laxatur,
964 1156 1030 1219 sed
1057 1156 1136 1238 quIs
1160 1156 1303 1221 dimittit

315 1259 482 1341 iniuriam,
513 1260 581 1324 nisi
611 1262 670 1324 vel
702 1261 829 1323 factam
852 1259 921 1324 sibi
951 1261 1011 1323 vel
1043 1280 1108 1324 suo
1135 1260 1302 1326 subdito?

314 1366 415 1429 Deus
439 1364 531 1427 euim
555 1365 671 1428 dando
693 1364 826 1428 homini
847 1373 1065 1448 potestatem
1090 1364 1302 1448 huiusmodi,

315 1469 413 1553 prius
438 1468 632 1533 dimitteret
654 1489 751 1533 suam
772 1468 932 1533 iniuriam
947 1478 1134 1552 antequam
1149 1469 1302 1534 vicarius
1315 1505 1343 1540 ιο

316 1593 401 1637 suus
412 1573 613 1639 dimitteret.
630 1573 676 1637 Et
690 1573 759 1637 ista
767 1573 909 1638 videtur
919 1575 1100 1638 sentencia
1114 1576 1303 1640 multorum

316 1679 513 1754 doctorum,
551 1688 591 1742 ut
626 1677 770 1757 XXIII,
808 1699 841 1761 q.
872 1677 906 1740 V
930 1699 976 1742 ex
1018 1680 1164 1744 decreto
1206 1681 1303 1744 beati

316 1783 497 1848 Ambrosii
513 1783 564 1847 sic
579 1784 745 1847 habetur:
761 1782 1005 1864 Remittuntnr,
1021 1782 1144 1867 inquit,
1156 1792 1301 1868 peccata

311 1907 377 1971 per
398 1886 466 1952 Dei
479 1889 611 1969 fitium,
644 1889 745 1951 cuius
775 1889 876 1951 levita
903 1889 1073 1970 interpres
1098 1894 1129 1954 et
1155 1891 1299 1972 quidum

314 1998 491 2057 erntsutor
513 1997 571 2069 est,
603 1990 694 2074 quia,
727 2000 767 2055 ut
790 1990 917 2054 dicitur
939 1989 1023 2071 XV,
1046 2013 1079 2076 q.
1102 1991 1134 2056 I:
1163 1993 1233 2059 Nec
1255 1996 1301 2060 is:
1314 2010 1339 2062 ι5

314 2095 431 2160 Levita
453 2097 611 2160 minister
633 2096 847 2177 remissionis
869 2102 925 2161 est.
963 2094 1067 2159 Unde
1100 2117 1211 2182 super
1240 2098 1300 2163 illo

315 2202 462 2263 decreto
479 2199 755 2263 Archidiaconus
777 2198 828 2262 ita
850 2199 988 2267 scribit:
1010 2201 1143 2266 Pretati
1163 2206 1300 2285 quondo

314 2304 423 2386 ligant
453 2306 505 2369 vet
535 2306 667 2368 solvunt
698 2305 868 2386 indignos,
905 2307 1038 2369 mirum
1074 2311 1123 2371 est
1153 2309 1186 2370 si
1221 2313 1301 2371 tunc

313 2411 469 2490 ligantur
490 2411 541 2472 vet
567 2404 747 2471 solvuntur
769 2410 804 2471 in
832 2409 919 2485 celis,
948 2411 1008 2473 sed
1034 2411 1238 2492 intelligitur
1259 2413 1301 2475 dr

313 2514 393 2594 iltis,
416 2531 563 2594 qnorum
587 2514 714 2576 merita
736 2514 846 2594 ligari
868 2515 919 2577 vei
940 2516 1026 2577 solui
1044 2514 1229 2596 postulunt.
1254 2515 1300 2578 Et
1309 2547 1340 2582 ιο

121 2646 172 2690 cod
189 2645 285 2689 himen
312 2616 397 2680 illud
423 2626 526 2681 notat
551 2615 692 2697 XXIV,
723 2637 757 2699 q.
781 2615 798 2680 I
829 2616 892 2682 Ubi
916 2637 1005 2683 sana
1033 2628 1070 2682 et
1096 2619 1300 2702 Quicunque.

99 2706 300 2794 ιιξῖῗέἶῖἑηὲζζῖι
314 2721 390 2785 Nec
424 2722 568 2785 dubium
600 2722 645 2785 de
677 2722 747 2785 ista
779 2723 970 2804 sentencia,
1001 2743 1047 2786 ne
1069 2723 1301 2787 blasfemetur

99 2810 135 2899 ιιῐι0
143 2804 305 2916 XXXIII
315 2827 414 2909 quod
455 2825 583 2908 prelati
624 2825 738 2889 nostri
780 2827 968 2910 prevalent
1005 2836 1128 2892 contra
1163 2829 1298 2906 Deum3

138 2919 226 2952 “cm
240 2913 265 2950 ¹¹·
313 2931 415 2994 Deus
439 2930 530 2994 enim
553 2950 625 2995 non
640 2939 764 3013 potest
780 2951 991 3015 quemquam
1011 2933 1210 3011 absolvere,
1233 2933 1301 2997 nisi

314 3035 413 3118 prius
450 3034 566 3118 ipsum
602 3033 776 3116 habilitet3
820 3055 898 3099 cum
939 3037 1049 3119 igitur
1091 3037 1300 3102 christianus
1311 3052 1340 3106 25

314 3141 446 3204 nullum
460 3139 629 3219 habilitat,
654 3140 719 3202 nisi
736 3140 854 3204 forsan
873 3142 878 3224 Ι
900 3142 1033 3206 orando
1049 3144 1106 3206 vel
1121 3144 1300 3226 merendo,
1329 3167 1346 3208 ιι

314 3254 414 3327 patet
452 3246 549 3328 quod
581 3253 728 3329 oportet
757 3246 875 3309 Deum
904 3247 1088 3311 habilitare
1121 3248 1300 3312 hominem

315 3351 509 3413 secundum
531 3349 693 3413 meritum
717 3351 802 3414 eius.
825 3351 872 3414 Et
895 3351 940 3415 de
954 3351 1025 3415 isto
1042 3354 1152 3417 debet
1167 3353 1299 3418 christi·

315 3473 401 3517 anus
425 3455 604 3519 confidere
627 3475 699 3519 non
723 3465 838 3520 autem
860 3456 897 3519 in
919 3456 1185 3539 pseudochristi
1207 3458 1299 3522 blas·

366 3725 387 3765 4,
399 3714 420 3755 Α
431 3712 454 3754 ιιι
466 3723 551 3766 marga
562 3709 623 3755 Nota
634 3711 698 3755 tene.
750 3725 782 3766 ¹4-
793 3712 898 3756 RectIus:
905 3726 951 3770 per
962 3714 1008 3757 Dei
1015 3713 1115 3758 vertum.
1165 3714 1199 3762 ι5.
1210 3714 1299 3761 codd:

314 3780 372 3834 XVI,
391 3793 413 3836 o.
428 3779 445 3823 I.
465 3778 572 3825 Correxi.
627 3793 661 3826 ιι.
678 3780 768 3826 codd:
786 3781 866 3832 XXIV,
884 3794 906 3838 q.
925 3783 938 3827 I
954 3795 1092 3828 terensem
1109 3785 1167 3839 (sic)
1185 3790 1208 3829 et
1225 3786 1300 3842 quod-

314 3862 421 3903 cunone;
435 3851 452 3893 Β
467 3850 489 3893 In
505 3862 592 3906 murg.:
608 3852 735 3895 Absolutto.
791 3863 829 3897 aa.
844 3854 878 3898 A:
898 3865 940 3897 nec
953 3854 1132 3909 blasphemetur.
1187 3867 1225 3911 24.
1240 3857 1262 3900 Α
1277 3856 1299 3900 in

315 3932 401 3976 marga
415 3920 542 3964 absoluere.

371 4060 408 4095 ιι.
427 4045 530 4096 Decreti
549 4049 665 4097 secunda
684 4063 752 4114 pars,
772 4063 850 4099 causa
868 4049 956 4116 XXIII,
975 4060 1076 4116 quaest.
1090 4052 1122 4116 V,
1141 4066 1196 4117 cup.
1210 4052 1300 4104 XLIX.

319 4132 356 4184 ι5.
376 4133 477 4182 Decreti
496 4133 612 4183 secunda
631 4149 699 4201 pars,
723 4149 801 4185 cuusu
820 4136 874 4198 XV,
894 4151 920 4202 q.
939 4137 958 4204 1,
977 4152 1033 4201 cup.
1051 4136 1094 4187 XI.
1117 4138 1222 4189 archid.
1242 4140 1259 4192 I.
1278 4155 1300 4190 c.

316 4233 356 4269 21.
376 4219 478 4269 Decrcti
506 4220 621 4269 secunda
648 4237 718 4288 pars,
747 4237 826 4272 causa
848 4223 939 4290 XXIV,
962 4239 988 4290 q.
1012 4224 1029 4287 I,
1058 4240 1132 4292 capp.
1154 4225 1249 4277 XXVII
1273 4238 1298 4278 et

314 4306 402 4355 XXIX.
