3008 5026
656 403 828 453 sonamus
847 401 987 453 wreus
1187 380 1271 470 [cre.
1285 396 1316 440 v.

324 552 426 616 istam
451 558 671 622 sentenciam
694 579 799 641 quam
823 557 905 620 olim
921 556 1038 621 fuerat
1055 557 1092 621 in
1106 558 1315 640 propbetas.

325 661 434 726 Cuius
472 682 579 727 causa
615 670 671 727 est
708 662 790 745 quia
827 661 1033 746 superiores
1070 661 1222 726 ecclesie
1255 661 1317 745 qui

325 765 493 830 videntur
516 786 598 831 esse
620 767 753 850 aliquid
775 774 1050 850 perseveranter
1077 766 1318 848 dogmatizant

326 870 542 954 oppositum,
567 892 646 935 cum
670 890 805 936 summe
829 870 954 934 odiunt
972 870 1145 934 recedere
1160 890 1181 933 a
1195 871 1318 934 mundi

326 973 473 1057 deliciis,
497 975 628 1058 quibus
645 996 692 1040 ex
708 975 949 1039 declinacione
970 996 991 1037 a
1007 972 1137 1039 Christi
1152 974 1341 1061 vestigiist

327 1086 397 1141 tam
421 1078 481 1143 diu
504 1081 655 1143 subdole
672 1089 756 1144 sunt
771 1078 890 1162 sopiti
914 1077 1104 1160 Quomodo
1119 1077 1229 1164 igitur
1244 1099 1317 1143 non

327 1184 519 1247 duceretur
534 1204 657 1250 currus
679 1184 715 1249 in
740 1182 973 1268 precipicium
994 1182 1094 1247 cuius
1109 1183 1265 1248 veredus
1281 1192 1319 1247 et

328 1287 449 1371 auriga
472 1287 570 1351 ducit
593 1297 663 1351 tam
687 1287 825 1353 fervide
849 1290 896 1352 ad
920 1289 1106 1352 deorsum?

113 1400 253 1462 triturae!
269 1401 318 1444 um
371 1389 539 1456 Secundo
572 1392 726 1456 obicitur
758 1412 824 1476 per
854 1394 924 1456 boc
956 1394 1051 1476 quod
1080 1391 1180 1455 multi
1202 1391 1318 1456 sancti

118 1460 309 1561 rlvlnlpsslllb
328 1496 552 1560 dotacionem
583 1495 785 1561 huiusmodi
817 1499 1075 1581 approbarunt3
1107 1515 1186 1559 cum
1208 1494 1319 1579 igitur
1332 1521 1362 1553 ιο

118 1557 313 1602 ‘'suffimen‘'
328 1600 364 1663 in
397 1599 616 1664 secularibus
649 1599 696 1663 sit
717 1600 822 1680 licita,
854 1600 949 1664 foret
978 1599 1016 1664 in
1039 1598 1176 1664 clericis
1205 1599 1318 1683 magis

329 1713 463 1783 sancta
479 1704 639 1788 quamvis
654 1705 764 1787 igitur
780 1704 990 1789 quibusdam
1007 1702 1178 1787 expediat
1193 1703 1319 1768 vivere

329 1808 626 1892 exproprietarie,
650 1817 768 1873 tamen
784 1809 931 1873 decorat
952 1817 1066 1872 totum
1083 1828 1216 1891 corpus
1232 1807 1320 1871 cleri

329 1914 427 1997 quod
450 1915 599 1977 docetur
622 1922 662 1977 ut
683 1913 809 1998 regina
824 1913 890 1977 celi
913 1913 959 1978 sit
979 1912 1194 1977 circumdata
1208 1911 1319 1976 varie·

330 2026 411 2082 tate.
435 2017 495 2080 Ad
516 2016 605 2080 illud
628 2017 864 2100 sepedictum
882 2017 1050 2100 estquod
1066 2018 1155 2080 tales
1174 2016 1320 2101 argucie
1335 2027 1363 2078 15

330 2142 402 2185 non
418 2122 630 2204 procedunt,
646 2121 729 2185 ideo
745 2141 824 2186 cum
840 2130 984 2187 sanctus
1000 2130 1201 2186 sanctorum
1213 2120 1322 2184 docet

331 2228 445 2290 verbo
474 2234 511 2289 et
535 2246 645 2308 opere
670 2226 767 2309 quod
791 2227 908 2290 clerus
931 2246 1016 2291 suus
1045 2226 1155 2288 debet
1179 2244 1321 2289 omnem

331 2332 525 2393 secularem
541 2331 685 2394 modum
699 2330 854 2394 habendi
869 2331 1080 2414 relinquere,
1102 2339 1204 2413 patet
1223 2330 1322 2413 quod

332 2433 400 2497 sibi
423 2435 596 2498 debemus
622 2434 659 2498 in
681 2433 751 2498 isto
775 2435 882 2517 plene
906 2435 1062 2499 credere.
1108 2433 1197 2497 Nam
1221 2433 1322 2497 iuxta

332 2538 427 2601 dicta
464 2558 536 2601 non
568 2539 741 2602 debemus
778 2540 926 2602 credere
958 2539 1017 2602 vel
1052 2537 1180 2602 imitari
1216 2537 1321 2602 alium
1333 2560 1366 2595 20

332 2651 492 2705 sanctum
531 2641 694 2722 ecclesie,
731 2641 800 2706 nisi
832 2643 877 2704 de
911 2651 1044 2725 quanto
1076 2641 1113 2705 in
1144 2641 1225 2724 ipso
1258 2662 1323 2706 sua

129 2774 168 2817 au
183 2773 256 2816 snm
271 2784 310 2815 are
333 2744 517 2809 sentencia
539 2753 596 2808 est
612 2744 764 2809 fundata
789 2744 1001 2828 Specialiter
1017 2754 1133 2809 autem
1148 2746 1323 2809 debemus

143 2825 290 2938 filiiflii
335 2850 481 2911 credere
506 2857 542 2911 et
565 2849 769 2931 exemplum
786 2869 914 2932 capere
936 2851 982 2912 ab
1005 2848 1075 2913 illis
1096 2848 1239 2929 sanctis,
1262 2848 1324 2932 qui

155 2929 289 3024 'iiiiii‘
333 2950 510 3035 primicias
533 2951 680 3034 spiritus
702 2953 912 3034 habuerunt,
934 2953 1041 3017 modo
1063 2961 1181 3016 autem
1197 2951 1324 3016 ordine

151 3033 287 3129 ciffi&
333 3054 434 3119 nimis
458 3063 673 3138 prepostero
698 3054 885 3121 fundamus
907 3077 974 3121 nos
996 3056 1033 3119 in
1049 3055 1180 3121 sanctis
1194 3054 1367 3120 infimisrs

182 3138 260 3183 ‘³⁰¹³'
334 3167 371 3222 et
386 3158 589 3241 postremis,
613 3158 673 3241 qui
696 3159 807 3244 magis
828 3159 1050 3225 declinarunt
1069 3159 1073 3241 Ι
1092 3160 1139 3223 ad
1154 3160 1323 3242 seculum,
1356 3166 1413 3222 182⁴

334 3271 584 3346 supponentes
606 3262 798 3327 infideliter
820 3264 851 3328 si
872 3264 943 3348 ipsi
965 3263 1017 3329 sic
1040 3263 1200 3327 fecerant
1213 3263 1324 3347 igitur

334 3372 438 3440 bene,
471 3389 550 3431 nam
587 3368 745 3450 apostoli
772 3371 881 3432 multa
908 3369 1133 3453 culpabiliter
1160 3368 1325 3434 fecerunt

336 3474 381 3537 de
413 3472 543 3556 quibus
565 3472 747 3555 posterius
770 3483 852 3537 sunt
874 3474 1032 3557 purgati;
1057 3484 1095 3537 et
1116 3475 1228 3538 multo
1253 3474 1325 3539 evi·

336 3575 482 3642 dencius
529 3576 751 3658 posteriores
798 3577 1025 3643 confessores
1073 3578 1327 3644 commiserunt
1336 3590 1370 3642 30

335 3682 444 3745 multa
481 3679 633 3758 crimina,
672 3683 717 3744 de
754 3683 884 3765 quibus
920 3683 1072 3747 finaliter
1103 3683 1325 3766 penitebant.

336 3788 468 3868 Magna
490 3785 610 3869 itaque
627 3787 758 3852 cecitas
780 3788 817 3851 in
834 3788 965 3853 nostris
987 3808 1156 3874 arguere:
1178 3786 1249 3870 ipsi
1273 3787 1325 3851 sic

336 3891 505 3967 fecerant,
536 3888 645 3973 igitur
677 3893 779 3956 bene,
817 3891 906 3974 Quis
936 3891 1047 3974 igitur
1074 3892 1182 3969 color,
1214 3891 1244 3956 si
1266 3891 1327 3957 isti

336 4015 403 4079 per
440 4015 601 4078 magnam
640 4005 777 4079 partem
810 3997 883 4060 vite
916 4017 979 4061 sue
1015 3997 1328 4080 appropriaverint

390 4282 412 4326 9.
428 4273 449 4314 Α
465 4270 487 4314 in
499 4282 583 4325 marga
599 4270 707 4314 Secunda
717 4271 819 4315 obieccr'o
826 4282 873 4326 pro
882 4272 1015 4314 dotatione.
1075 4284 1108 4317 ro.
1124 4271 1154 4316 B:
1168 4271 1331 4324 huiusmodi

338 4340 411 4384 deest.
465 4339 503 4386 32.
520 4339 608 4385 codd:
624 4342 688 4396 rpu'r.
743 4340 773 4396 ³4
796 4353 837 4386 an:
853 4342 1078 4397 approbaverint&
