3008 5026
691 416 861 467 tonsurus
880 415 1020 466 wycur
1224 395 1310 481 [car.
1320 411 1352 455 v.

363 572 499 653 caritas,
526 592 596 656 que
622 591 691 637 non
713 573 824 654 querit
855 590 918 654 que
943 590 1010 637 sua
1032 577 1122 652 sunt,
1154 572 1252 654 quod
1275 580 1352 634 tota

363 676 513 740 civilitas
528 676 623 739 foret
638 684 807 739 contenta
820 675 857 739 in
873 674 1033 740 manibus
1048 676 1241 758 laycorum.
1260 673 1351 738 Nam

362 781 447 844 nulli
463 780 607 845 dubium
619 778 623 864 Ι
636 781 720 864 quin
736 781 909 845 secularia
926 779 1063 859 iudicia,
1087 780 1352 858 contenciones
1389 789 1446 840 181‘

362 904 486 968 pugne
509 894 546 948 et
569 884 635 947 alia
649 884 827 949 laboriosa
843 885 1013 948 manualia
1033 893 1116 949 sunt
1136 883 1248 966 laycis
1268 884 1352 968 plus

362 989 592 1073 pertinencia,
607 989 693 1052 illud
709 989 819 1072 igitur
834 989 948 1072 magis
964 991 1096 1052 bonum
1107 989 1218 1052 debet
1233 990 1351 1053 clerus
1364 1002 1377 1052 5

362 1102 545 1177 appetere.
567 1092 614 1155 Et
636 1101 804 1176 quantum
821 1094 866 1155 ad
882 1092 1064 1156 arbitrium
1081 1091 1167 1156 cleri
1182 1091 1351 1156 variantis

361 1197 397 1260 in
408 1197 638 1280 perfeccione
648 1216 690 1260 ac
706 1197 857 1261 utilitate
868 1202 1042 1262 bonorum
1056 1196 1175 1276 seculi,
1187 1198 1351 1260 standum

363 1310 420 1366 est
450 1303 532 1386 plus
557 1301 686 1366 Christi
719 1311 757 1365 et
788 1303 1027 1385 apostolorum
1051 1301 1195 1365 arbitrio
1219 1310 1257 1365 et
1278 1322 1352 1365 nou

362 1407 508 1471 arbitrio
540 1416 742 1471 nostrorum
774 1406 1005 1489 spiritualiter
1034 1405 1260 1471 infirmorum.
1304 1407 1352 1470 Et

362 1521 463 1595 patet
488 1510 667 1574 horrenda
694 1510 903 1594 dampnacio
930 1509 1032 1574 istius
1060 1509 1243 1574 sentencie
1266 1519 1395 1575 tam-10

362 1636 466 1699 quam
497 1615 666 1695 heretice,
699 1616 795 1698 quod
828 1616 1006 1678 seculares
1039 1616 1163 1678 iuvent
1199 1614 1351 1678 clericos

363 1721 593 1783 exonerando
633 1739 696 1782 eos
729 1739 748 1781 a
779 1719 1046 1802 temporalibus,
1084 1717 1213 1801 quibus
1248 1718 1351 1782 nimis

363 1823 502 1888 onerati
524 1833 607 1887 sunt
635 1844 682 1887 ex
705 1823 823 1887 stultis
846 1821 1095 1886 dotacionibus
1119 1822 1351 1888 dominorum.

362 1928 409 1993 Et
441 1938 608 2012 quantum
642 1929 685 1992 ad
708 1927 889 1992 obiectum
922 1928 1020 2010 quod
1051 1947 1117 2010 per
1144 1928 1247 2008 idern,
1271 1948 1351 1992 cum

361 2033 456 2116 layci
479 2032 646 2096 conversi
661 2041 824 2116 ternpore
840 2032 1082 2115 apostolorum
1097 2030 1267 2096 vixerunt
1289 2046 1393 2097 err-15

362 2137 607 2221 proprietarie,
650 2136 769 2200 clerici
811 2138 946 2199 debent
984 2155 1031 2198 ex
1073 2135 1351 2200 habundanciori

363 2243 507 2306 caritate
540 2242 679 2305 auferre
716 2244 812 2305 bona
861 2261 880 2304 a
916 2240 1039 2323 laycis,
1077 2251 1216 2306 constat
1253 2243 1352 2325 quod

362 2347 466 2430 pauci
488 2347 582 2429 layci
604 2345 766 2429 perfecte
790 2345 958 2409 conversi
980 2365 1048 2429 per
1070 2347 1256 2428 apostolos
1271 2346 1350 2409 reli·

362 2460 516 2534 querunt
552 2451 670 2513 omnia
706 2450 915 2533 temporalia
952 2469 1016 2513 sua
1054 2459 1092 2513 et
1128 2452 1353 2515 devenerunt

363 2555 483 2620 clerici
504 2555 676 2632 illiterati3
710 2555 820 2619 etsie
845 2554 1000 2637 apostoli
1022 2553 1126 2617 titulo
1155 2554 1351 2619 elemosine
1362 2581 1395 2617 20

362 2660 573 2723 auferebant
592 2660 651 2722 illa
672 2659 915 2743 relinquentes
930 2657 1188 2741 imperfectum,
1212 2659 1352 2723 scilicet

361 2764 618 2847 proprietatem
657 2763 796 2826 civilem
835 2773 875 2827 ut
912 2763 964 2827 eis
1013 2765 1258 2827 inconsonum.
1304 2764 1352 2827 Et

172 2898 260 2944 Wouu
276 2901 326 2944 m„
362 2868 493 2932 utinam
516 2867 630 2931 nostri
654 2867 816 2950 episcopi
838 2871 1042 2932 recolerent
1065 2868 1243 2951 quomodo
1267 2886 1350 2951 apo·

170 2952 326 3048 ⁰⁸llr2¹⁵t¹ssssp⁵
362 2972 445 3036 stoli
465 2992 614 3054 quorum
629 2972 748 3035 officio
765 2971 962 3056 funguntur
977 2973 1095 3038 taliter
1109 2971 1352 3037 converterint

150 3057 344 3165 ‘'issssssssss‘gsw
362 3077 485 3160 laycos
510 3077 553 3138 ad
574 3076 839 3159 perfeccionem
861 3080 986 3161 regule
1018 3076 1217 3158 christiane,
1248 3075 1392 3140 felin-25

183 3161 312 3259 ffif‘ucfess
362 3184 505 3265 quondo
528 3181 640 3263 laycis
665 3179 886 3244 coactionem
904 3182 1051 3245 civilem.
1074 3180 1233 3245 Perfecti
1256 3180 1349 3245 enirn

171 3268 251 3310 ‘'¹¹¹⁶‘'
265 3266 325 3311 ¹⁰³¹·
362 3286 497 3348 debent
527 3285 591 3347 niti
623 3284 813 3348 assimilare
845 3285 1031 3349 inferiores
1064 3285 1108 3347 ad
1139 3304 1238 3348 suam
1270 3305 1349 3367 per·

360 3389 558 3452 feccionem
583 3398 619 3452 et
640 3409 711 3451 non
734 3409 801 3472 per
823 3391 940 3453 media
961 3389 1082 3454 illicita
1099 3388 1298 3452 inducendo
1313 3389 1350 3453 in

362 3513 484 3557 eorum
520 3492 841 3575 imperfeccionem.
879 3494 979 3578 Papa
1008 3493 1118 3577 igitur
1155 3492 1215 3576 qui
1240 3494 1351 3558 debet

362 3617 442 3661 esse
452 3597 636 3681 proximus
647 3597 937 3662 vicariusChristi
948 3600 1112 3662 ducendo
1123 3597 1349 3661 christianum
1360 3610 1393 3661 30

361 3701 557 3765 exercitum
590 3702 634 3764 ad
665 3702 741 3765 eius
774 3702 996 3767 sanctitatem
1029 3704 1139 3766 debet
1164 3702 1232 3765 ista
1255 3702 1348 3785 prin·

361 3806 522 3889 cipaliter
544 3805 661 3870 facere
685 3817 755 3870 tam
779 3827 891 3890 opere
915 3828 1018 3890 quarn
1042 3827 1217 3871 sermone.
1245 3806 1348 3890 Item,

361 3912 553 3974 secundum
591 3910 766 3994 principia
802 3911 1096 3994 philosophorum
1135 3909 1260 3973 melius
1293 3919 1349 3974 est

413 4206 442 4248 all
466 4204 553 4248 (20de
569 4204 694 4248 induendo.

415 4364 436 4400 1.
456 4349 473 4398 1.
493 4349 553 4401 Cor.
573 4349 637 4408 xm,
659 4349 681 4399 5.
