3008 5026
656 416 828 468 sosarnus
847 414 988 466 wvcurv
1182 393 1268 485 [cae.
1276 408 1317 454 vr.

326 582 410 639 sunt
424 572 521 655 paris
537 572 767 653 auctoritatis,
791 592 870 637 cum
884 572 964 656 ipsa
978 590 1051 635 non
1066 579 1191 656 potest
1204 570 1319 636 maius

325 686 386 741 aut
407 677 522 742 minus
545 677 740 762 suscipere.
761 677 822 741 Ad
845 696 952 760 quem
975 695 1119 740 sensum
1142 675 1321 761 scriptura

324 803 424 847 sacra
448 791 504 846 est
525 781 621 865 paris
645 782 867 846 auctoritatis
888 781 1088 864 utrobique.
1113 780 1188 846 Sed
1203 783 1319 846 tercio

324 886 430 951 michi
451 886 720 950 infundabiliter
741 887 935 970 loquuntur
950 885 1091 969 quidam
1107 887 1152 949 de
1169 885 1319 950 auctori·

325 1001 407 1071 tate,
423 1000 463 1056 ut
473 990 561 1056 dicit
574 990 807 1055 maioritatem
821 990 1017 1055 sanctitatis
1027 992 1086 1054 vel
1096 989 1345 1056 carismatum

137 1110 183 1207 qve
196 1110 228 1154 uo
242 1117 283 1206 qot
325 1096 569 1170 multitudinis,
603 1105 640 1161 et
663 1097 745 1181 quia
766 1096 854 1160 illud
878 1104 935 1160 est
961 1095 1066 1160 nobis
1088 1094 1320 1180 incognitum,

127 1175 184 1260 τιῗῖ
185 1169 315 1277 {riqis
324 1202 543 1267 transferunt
552 1201 799 1265 auctoritatem
809 1198 992 1283 gentiliter
1001 1201 1045 1263 ad
1055 1200 1321 1266 ordinacionem

137 1267 168 1311 od
184 1267 226 1311 lm
240 1278 308 1319 niven

128 1328 289 1427 qnqngpprq,
323 1308 520 1387 humanam,
555 1313 595 1368 ut
617 1304 794 1389 quotlibet
824 1305 957 1387 gradus
988 1312 1127 1386 ponunt
1152 1305 1190 1368 in
1216 1327 1321 1391 papa,

131 1424 288 1521 ‘⁰,2¹,⁸l‚f„¹¹⁹
325 1409 610 1493 archiepiscopo,
634 1416 776 1471 rectore
794 1417 831 1472 et
846 1407 998 1491 simplici
1018 1408 1217 1490 sacerdote,
1241 1430 1321 1474 cum

145 1529 275 1590 ignonpqe
325 1514 505 1597 quotlibet
541 1512 835 1593 intercisionibus,
878 1533 949 1596 que
988 1512 1070 1595 quia
1107 1514 1320 1579 auctoritate
1334 1541 1364 1576 ιο

113 1579 301 1729 αἷέιξῖἒῖῗιῗὴῖ
324 1618 444 1682 divina
474 1620 569 1681 benc
601 1625 755 1699 possunt
785 1616 863 1680 fieri
895 1618 1089 1681 secundum
1122 1616 1319 1684 divisiones

167 1696 253 1742 Νη
324 1723 508 1806 graduum,
540 1721 774 1785 discrecionis
806 1730 844 1784 et
875 1722 1069 1803 potestatis
1101 1742 1206 1804 quam
1238 1725 1319 1809 ipse

325 1826 516 1904 distribuit,
539 1826 622 1889 ideo
647 1825 960 1909 sollempnizantur
987 1826 1235 1892 instituciones
1257 1830 1318 1893 hu-

323 1951 437 2008 mane,
469 1930 630 2013 quamvis
663 1929 881 1993 ordinacioni
912 1930 1032 1994 divine
1060 1933 1249 2015 contrarie,
1283 1943 1321 1998 et

326 2039 564 2100 observantur
587 2035 736 2117 amplius
760 2054 864 2117 quam
886 2036 948 2098 lex
962 2033 1044 2100 Dei.
1068 2034 1142 2099 Sed
1156 2037 1321 2121 loquatur
1334 2046 1363 2098 15

324 2141 376 2204 sic
399 2143 443 2204 de
467 2139 686 2217 auctoritate,
710 2140 771 2223 qui
793 2141 830 2203 in
853 2139 1029 2223 scriptura
1052 2161 1152 2204 sacra
1173 2143 1321 2208 sciverit

323 2247 393 2309 hoc
416 2245 574 2309 fundare.
597 2244 715 2329 Leges
739 2253 857 2309 autem
878 2247 1027 2329 papales
1052 2248 1097 2309 de
1120 2246 1319 2312 maioritate

325 2359 362 2414 et
394 2350 606 2415 obediencia
638 2358 793 2432 possunt
823 2349 983 2433 intelligi,
1013 2353 1017 2430 Ι
1047 2353 1190 2434 quando
1221 2352 1320 2418 insti·
1351 2359 1410 2430 ¹⁸9¹

324 2454 420 2519 tucio
452 2455 602 2517 humana
635 2454 680 2516 de
713 2453 953 2537 preposituris
989 2456 1169 2520 hominum
1202 2476 1320 2521 corre·

324 2559 483 2643 spondet
522 2557 643 2622 divino
676 2558 817 2642 iudici0,
855 2559 907 2623 sic
938 2559 1081 2623 videtur
1113 2563 1212 2644 quod
1238 2582 1319 2646 pro·
1332 2585 1365 2622 ιο

324 2663 578 2746 porcionaliter
615 2671 656 2726 ut
693 2663 772 2746 quis
811 2664 956 2746 ponitur
990 2665 1028 2729 in
1065 2665 1188 2729 maiori
1232 2689 1318 2750 pre-

325 2767 521 2832 eminencia
557 2768 677 2850 quoad
707 2768 880 2846 homines,
913 2769 964 2832 sic
996 2779 1149 2852 ponatur
1175 2773 1320 2837 realiter

323 2872 358 2935 in
381 2872 505 2935 maiori
527 2871 790 2954 preeminencie
811 2873 981 2937 virtutum
1005 2883 1042 2938 et
1063 2874 1183 2959 gracie
1199 2880 1320 2959 quoad

323 2979 458 3056 Deum3
491 2979 588 3060 quod
612 2977 695 3060 quia
725 2999 904 3061 nunquam
931 2981 991 3043 vel
1023 3000 1102 3044 raro
1134 2981 1319 3065 contingit,

325 3102 392 3145 nec
415 3091 581 3165 superest
603 3088 657 3158 (ut
676 3083 798 3164 credo)
810 3084 854 3145 ad
869 3082 956 3146 illud
971 3084 1190 3149 fundandum
1205 3088 1318 3171 scrip-
1330 3095 1361 3146 25

323 3195 402 3250 ture
426 3186 626 3267 auctoritaS,
657 3187 739 3250 ideo
763 3197 865 3251 taceo
890 3190 1009 3270 quoad
1031 3191 1132 3273 leges
1156 3200 1193 3255 et
1214 3193 1318 3276 facta,

326 3290 451 3354 dicens
490 3292 588 3374 quod
626 3292 713 3354 illud
750 3294 845 3355 bene
883 3302 1008 3376 potest
1044 3295 1121 3359 fieri
1164 3298 1210 3360 de
1247 3299 1319 3363 Dei

325 3396 496 3479 potencia
518 3397 692 3477 absoluta,
717 3397 834 3461 sciens
857 3398 955 3480 quod
978 3398 1030 3462 sic
1053 3401 1207 3465 nonfuit
1225 3402 1320 3468 inter

327 3500 457 3564 Christi
480 3501 689 3564 sacerdotes
711 3501 747 3564 in
772 3501 924 3565 ecclesia
946 3502 1133 3585 primitiva.
1155 3505 1203 3570 Et
1217 3517 1321 3590 patet

324 3606 361 3669 in
382 3615 486 3689 parte
510 3608 691 3689 quomodo
720 3607 909 3671 dicendum
937 3617 993 3671 est
1015 3611 1058 3672 ad
1081 3610 1232 3693 primum
1257 3616 1363 3677 obeo

324 3711 465 3774 iectum.

122 3826 306 3923 allolipenist
369 3816 429 3879 Ad
466 3818 661 3880 secundum
699 3828 800 3900 patet
833 3839 879 3881 ex
907 3819 1019 3902 dictis,
1051 3825 1231 3904 quomodo
1271 3844 1319 3888 ex

117 3887 301 4042 ὐἳὲἓέἓιέξζηοοῑ
327 3921 515 3985 sanctitate
549 3930 589 3985 ut
611 3921 716 4005 signo
754 3933 892 3986 remoto
930 3924 1039 3988 debet
1071 3925 1150 4008 capi
1182 3928 1319 4011 duplex

327 4026 532 4101 auctoritas
567 4035 604 4090 et
634 4047 706 4090 non
739 4035 778 4090 ut
801 4028 846 4091 de
880 4037 1009 4111 equata
1031 4049 1205 4115 mensura,
1238 4033 1321 4116 quia

325 4140 410 4193 tunc
434 4130 687 4196 diminueretur
709 4133 769 4195 vel
792 4134 1065 4216 extingueretur
1087 4146 1128 4201 ut
1150 4138 1361 4204 sanctitas35

378 4300 400 4346 3.
411 4302 499 4353 tercio,·
508 4302 579 4346 udde:
589 4303 688 4346 videtur.
739 4315 772 4359 19,
783 4315 820 4347 ao.
832 4301 921 4347 Codd.:
937 4307 1128 4361 correspondent.
1179 4321 1217 4352 πο.
1228 4308 1318 4354 Codd.:

325 4370 359 4413 ric
373 4371 442 4414 videt.
497 4370 535 4416 30.
550 4373 573 4415 Α
587 4372 610 4415 in
626 4383 713 4426 marg:
730 4384 747 4415 1.
803 4371 838 4417 31.
853 4375 876 4417 Α
890 4373 913 4418 in
929 4385 1017 4430 marga
1032 4385 1055 4418 2.
