3008 5026
170 402 228 461 ¹70
712 396 881 446 Joulurus
902 395 1041 445 wrcen
1212 375 1294 465 [can
1311 391 1374 435 vm.

172 569 190 612 u
208 569 227 612 u
241 568 298 628 false
313 570 362 613 nat
382 553 479 635 quod
502 552 702 615 dominatus
723 550 727 638 l
747 551 813 615 fuit
837 559 873 614 et
895 553 1080 634 apostolos
1101 573 1185 616 suos
1203 553 1374 616 dominari
1404 557 1465 609 203·

189 621 348 735 IITr'ni‘tni‘rd
381 657 502 720 docuit
524 678 659 720 summe
682 657 841 720 civiliter.
866 656 912 718 Et
936 656 1066 720 virtute
1082 656 1184 721 istius
1199 658 1374 721 mendacii

193 729 352 834 biiss’c‘l'dls'fffi
380 763 578 826 coloramus
600 771 759 825 nostrum
783 771 1045 824 monstruosum
1069 762 1267 827 dominium.
1290 761 1374 825 Non

206 841 230 876 ω
245 833 275 876 ⁶⁰
290 844 325 874 ω’
380 866 472 928 enim
500 865 620 929 decuit
647 886 770 949 regem
798 867 999 928 seculorum
1029 886 1208 930 assumere
1236 865 1305 929 sibi
1329 867 1373 928 ad

379 969 644 1052 perfeccionem
673 971 858 1032 humanam
887 971 1046 1033 seculare
1071 969 1272 1048 dominium,
1304 969 1398 1032 nisis

378 1075 447 1137 hoc
469 1074 604 1137 faceret
627 1075 671 1137 ad
695 1094 866 1137 summum
895 1076 1111 1157 ultraquam
1138 1074 1241 1137 alicui
1270 1074 1374 1136 alteri

378 1180 472 1241 bene
504 1187 627 1262 potest
660 1189 865 1262 competere
924 1178 1115 1260 Quomodo
1151 1179 1259 1264 igitur
1290 1179 1371 1261 ipse

378 1282 560 1365 acciperet
589 1292 657 1345 tam
688 1298 795 1363 jaree
824 1292 860 1346 et
881 1282 1029 1364 indigne
1053 1282 1223 1347 sessivam
1251 1282 1286 1344 iu
1311 1283 1372 1345 do·

379 1386 485 1449 minio
517 1388 562 1448 ad
592 1388 689 1469 quod
728 1386 873 1468 aspirat,
905 1386 1109 1468 relinquens
1140 1386 1373 1449 mendacibus

378 1492 423 1552 ab
448 1510 491 1552 eo
515 1490 817 1572 degenerantibus
840 1490 1107 1573 possessionem
1126 1490 1319 1572 gloriosam
1337 1499 1373 1551 et
1388 1515 1416 1547 ιο

378 1595 519 1676 plenam
552 1614 660 1676 super
693 1593 808 1656 omnia
840 1614 952 1676 regna
983 1594 1112 1658 mundi.
1158 1593 1286 1657 Nonne
1320 1595 1373 1674 (ut

378 1718 467 1782 sepe
504 1698 653 1783 repecii)
691 1700 792 1781 leges
830 1701 978 1781 papales
1017 1699 1244 1776 convincunt,
1286 1698 1372 1761 illud

378 1803 608 1879 mendacium,
618 1802 732 1885 primo
743 1802 865 1865 XCVI
876 1802 1110 1866 distinccione
1119 1801 1371 1877 Constantinus,

377 1907 626 1989 incorporatur
661 1907 780 1969 cartha
808 1905 1031 1970 Constantini
1069 1918 1105 1970 et
1132 1928 1237 1991 pape,
1269 1906 1371 1970 testi·

377 2010 486 2074 ficans
518 2012 664 2074 formam
699 2031 767 2093 qua
800 2011 946 2074 donavit
978 2031 1063 2074 cece
1102 2020 1239 2095 partem
1276 2011 1370 2074 illam
1387 2021 1414 2071 15

377 2115 517 2198 imperii
541 2135 606 2178 suo
632 2115 827 2197 episcopo?
860 2115 989 2178 Nonne
1014 2116 1173 2179 secundo
1199 2136 1247 2179 ex
1271 2115 1370 2178 testi·

379 2221 495 2283 monio
524 2220 642 2302 magni
670 2219 828 2282 doctoris
855 2221 1048 2304 Augustini
1076 2221 1196 2303 posito
1229 2221 1370 2284 distInc-

181 2348 344 2400 lftneclergy
381 2325 484 2386 cione
512 2323 602 2387 VIII
644 2325 716 2405 ero
749 2326 825 2387 iare
863 2326 1012 2389 docetur
1050 2346 1233 2408 expresse,
1272 2327 1370 2408 quod

170 2403 359 2455 lroldpropeuy,
860 2429 867 2442 .
1165 2429 1172 2444 .
1298 2428 1305 2442 .
1336 2429 1355 2442 ..

173 2457 226 2511 they
241 2455 272 2498 ao
286 2455 303 2496 u
318 2455 347 2507 sy
379 2431 495 2492 clerus
519 2450 591 2492 non
613 2431 723 2492 habet
745 2439 1002 2512 propnetatem
1026 2432 1193 2493 secularrs
1215 2431 1368 2507 dominu,

183 2507 342 2551 ce⁵⁹¹⁸⁵¹³u²
375 2532 442 2595 nisi
470 2536 605 2614 exlege
632 2535 761 2596 cesaris
791 2543 827 2595 et
856 2534 951 2596 dono
975 2533 1184 2597 secularium
1210 2533 1366 2596 domino·
1380 2556 1412 2590 20

374 2639 470 2699 rum?
508 2636 636 2700 Nonne
661 2637 773 2701 tercio
796 2639 924 2701 beatus
949 2637 1175 2701 Bernhardus
1203 2637 1295 2699 libro
1320 2637 1365 2712 Il,

374 2738 428 2801 ΙΙΙ
450 2739 640 2822 alloquitur
662 2740 862 2823 Eugenium
891 2762 1019 2823 papam
1047 2743 1113 2804 sub
1141 2741 1208 2804 hiis
1233 2740 1366 2822 verbiS,

373 2852 411 2905 ut
434 2844 581 2907 recitavi
605 2843 733 2907 diffuse
756 2845 937 2926 superius:
965 2845 1057 2926 Quid
1079 2846 1252 2909 dimiserit
1273 2865 1366 2927 pape

371 2955 511 3013 sancius
532 2951 731 3030 apostolas?
754 2951 843 3030 qaod
864 2951 979 3032 habeo,
1004 2952 1123 3032 inquit,
1146 2952 1207 3014 lroc
1228 2952 1289 3013 libi
1305 2953 1367 3026 do,·

372 3055 454 3133 quid
477 3056 587 3119 illud?
613 3061 700 3118 certe
727 3074 794 3119 non
818 3060 865 3118 est
888 3075 1017 3119 aarum
1041 3074 1144 3136 reque
1171 3061 1408 3136 argentum

372 3176 450 3220 eum
473 3161 546 3239 ipse
569 3161 678 3222 dicat:
698 3159 890 3240 Argentum
915 3164 945 3222 et
960 3178 1089 3222 auram
1105 3179 1173 3222 non
1189 3164 1236 3223 esi
1251 3161 1364 3223 michi.

373 3259 412 3324 Si
433 3263 555 3325 habere
577 3264 760 3344 contingat,
790 3268 883 3326 utere
906 3282 974 3326 non
993 3282 1060 3343 pro
1084 3265 1186 3339 libita,
1213 3266 1274 3327 sed
1295 3285 1364 3346 pro

372 3371 531 3447 tempore,
554 3368 604 3429 sia
627 3368 696 3430 eris
718 3372 814 3430 aiens
837 3368 907 3430 illis
934 3369 1037 3447 quasi
1060 3386 1128 3431 non
1151 3373 1255 3432 utens,
1279 3367 1363 3450 Ipsa

372 3471 507 3549 atridem
540 3476 706 3550 quantam
739 3473 786 3533 ad
818 3473 942 3535 bonum
974 3473 1093 3536 anime
1128 3477 1266 3554 spectat,
1304 3492 1365 3535 nec

372 3575 460 3638 bona
491 3581 570 3638 sunt
601 3595 661 3639 nee
693 3578 799 3652 maia,
831 3595 915 3639 usus
945 3582 1061 3639 tamen
1092 3578 1214 3640 irarum
1248 3579 1364 3654 bonus,
1376 3584 1408 3634 30

373 3682 491 3743 abusio
528 3683 638 3759 mala,
674 3683 865 3745 sollicitudo
899 3684 1010 3763 peior,
1046 3687 1182 3762 questus
1218 3684 1364 3763 turpior.

372 3785 450 3849 Esto
475 3791 511 3848 ut
534 3787 608 3849 alia
629 3805 840 3867 quacumque
859 3789 863 3867 l
884 3788 1023 3851 racione
1044 3788 1102 3851 irec
1127 3789 1187 3850 tibi
1209 3789 1365 3851 vendices
1394 3791 1455 3840 ²03‘

426 4042 447 4087 8.
461 4045 584 4095 sessivam
597 4042 628 4086 itu
642 4043 695 4086 cod.
757 4043 881 4086 11.Alliu
898 4054 984 4098 marg:
1003 4043 1121 4087 Possessio
1136 4054 1200 4098 pape
1217 4045 1275 4086 data
1295 4048 1330 4087 ert
1347 4056 1363 4088 a

374 4111 485 4167 Caesare,
505 4125 552 4157 nan
571 4125 586 4156 a
605 4112 699 4157 Christo
714 4112 841 4156 velPetra.
912 4111 944 4155 15.
968 4113 997 4156 B:
1010 4113 1134 4168 sormam.
1216 4126 1251 4158 21.
1271 4113 1361 4159 codd:

372 4184 433 4228 libra
447 4183 486 4228 111.

429 4313 465 4365 13.
485 4313 549 4378 Cap.
568 4312 634 4366 XIV.
709 4310 826 4378 18.Cap.
849 4313 866 4362 l.
940 4328 980 4362 21.
999 4314 1036 4365 St.
1055 4315 1132 4367 Bern.
1151 4329 1210 4380 pag.
1231 4311 1289 4379 748.
