3008 5026
149 424 221 470 cnr.
240 406 302 496 tu]
448 427 492 478 ne
513 426 723 484 coresrnrs
743 425 842 476 rans.

150 588 389 649 canonicatum
425 586 564 649 contulit
590 583 820 667 preferendus
842 593 889 646 est
922 582 953 646 ei
984 585 1037 645 cni
1071 601 1139 646 non

149 691 240 754 dedit
263 691 514 763 canonicatum,
538 691 718 772 ignorante
741 692 911 751 executore
941 689 1017 769 quis
1034 689 1140 769 prins

148 795 392 877 impetraverit.
431 792 470 858 Si
492 805 606 858 antem
629 795 697 857 sint
715 812 825 874 pares
847 793 882 856 in
902 793 1037 875 gracia,
1061 811 1138 873 qno·

149 900 197 963 ad
211 899 372 977 formam
394 901 466 963 stili
485 901 638 981 papalis,
665 902 776 981 isqui
806 899 908 980 prins
930 899 1140 980 presentavit

121 1005 214 1067 §erit
233 1005 354 1084 pocior
376 1006 412 1066 in
431 1005 616 1085 prebenda.
639 1003 681 1067 Et
696 1006 798 1068 tercio
814 1004 846 1066 si
862 1004 997 1084 equales
1003 1002 1140 1083 suerint

148 1110 187 1171 in
208 1109 275 1170 liis
289 1108 407 1185 tribus,
430 1113 510 1172 tnnc
524 1110 689 1185 canonici,
712 1110 833 1189 quibus
847 1112 975 1189 spectat
990 1107 1139 1189 collacio,

150 1213 200 1276 uel
237 1213 353 1275 maior
385 1231 475 1293 pars
512 1231 631 1276 eornm
668 1217 801 1276 tenetur
838 1213 972 1294 eligere,
1010 1212 1138 1291 reliquo

149 1322 285 1379 carente
298 1315 421 1396 sructn
441 1317 562 1396 gracie
584 1316 652 1378 nisi
675 1334 714 1378 er
735 1321 850 1379 tenore
870 1316 1057 1396 papalium
1080 1316 1138 1378 lit-

149 1425 307 1483 terarum
344 1438 498 1501 expresse
535 1425 717 1502 appareat,
754 1422 845 1500 qnod
880 1438 975 1502 papa
1006 1420 1140 1500 utrique

105 1526 291 1591 miliorum
313 1526 456 1588 uoluerit
475 1525 666 1606 providere.

194 1628 267 1693 Ista
290 1637 406 1692 autem
439 1628 653 1692 trimembris
677 1628 827 1691 maxima
842 1627 984 1691 videtur
1006 1628 1042 1690 in
1061 1636 1139 1691 toto

150 1752 232 1796 esse
256 1733 466 1816 principium
491 1741 614 1796 contra
633 1732 821 1810 Christum,
845 1732 927 1815 quia
949 1732 1139 1815 supposito

148 1837 242 1901 sicut
264 1837 299 1900 in
323 1837 447 1900 maiori
469 1846 572 1920 parte
597 1836 781 1920 contingit,
810 1837 908 1919 quod
936 1836 1139 1919 prepositus

147 1941 185 2004 in
209 1941 417 2004 canonicatu
440 1943 499 2005 vel
522 1951 696 2024 tempore,
723 1941 759 2004 in
782 1939 1056 2024 presentacione
1081 1942 1139 2003 vel

107 2046 357 2113 reostensione
373 2046 506 2129 gracie,
530 2048 589 2110 vel
612 2045 726 2110 tercio
746 2045 782 2109 in
799 2044 940 2128 capitali
957 2044 1138 2108 eleccione

149 2151 196 2214 sit
218 2152 356 2234 reliquo
382 2150 641 2233 quantumlibet
672 2149 849 2233 indignior
871 2150 990 2232 quoad
1013 2150 1139 2227 Deum,

74 2277 122 2338 ῃ·
149 2264 234 2318 tunc
259 2276 305 2317 ex
329 2256 396 2319 ista
415 2253 420 2339 Ι
441 2255 591 2318 maxima
613 2254 825 2318 Antichristi
856 2256 967 2318 debet
993 2254 1139 2319 iudicari

150 2371 275 2423 contra
298 2360 428 2425 Christi
450 2359 628 2424 iudicium.

193 2465 247 2527 Ex
266 2485 336 2547 quo
352 2464 536 2529 manifeste
553 2464 713 2547 sequitur
730 2466 828 2546 quod
842 2465 911 2527 hoc
928 2463 1138 2528 Antichristi

104 2597 139 2635 20
150 2571 304 2652 porisma
327 2570 373 2633 sit
395 2570 552 2652 iniquum
578 2577 701 2632 contra
723 2569 896 2633 iusticiam
919 2578 956 2632 et
975 2589 1041 2651 per
1057 2587 1138 2631 con·

150 2694 307 2755 sequens
332 2684 454 2737 contra
478 2673 664 2738 Christum.

193 2778 249 2840 Ex
282 2799 353 2860 quo
385 2786 486 2860 patet
518 2777 674 2854 ulterius,
713 2778 810 2859 quod
847 2777 893 2840 sit
925 2795 944 2839 a
974 2776 1139 2840 fidelibus

149 2893 329 2965 tamquam
360 2883 554 2945 hereticum
590 2883 845 2964 abrogandum,
884 2891 920 2945 et
956 2900 1022 2963 per
1059 2899 1139 2943 con-

151 3008 305 3070 sequens
328 3007 422 3069 papa
445 3005 517 3050 non
541 2988 649 3051 debet
672 3006 739 3069 pro
763 2995 841 3050 toto
863 2986 993 3048 mundo
1016 3004 1139 3048 secun·

110 3106 138 3158 25
152 3092 233 3154 dum
257 3093 371 3175 ipsum
395 3091 611 3174 generaliter
634 3110 758 3155 causas
783 3089 1045 3153 ecclesiasticas
1069 3097 1138 3151 ter-

151 3196 291 3260 minare.
315 3196 360 3259 Et
383 3196 476 3259 idem
502 3205 556 3258 est
580 3204 825 3278 argumentum
843 3195 887 3256 de
910 3193 1139 3277 generalibus

150 3303 270 3384 legum
316 3320 486 3382 paparum
532 3299 727 3382 principiis,
774 3308 810 3362 et
853 3297 1057 3380 specialiter
1095 3298 1139 3359 de
1201 3314 1302 3357 noum

151 3404 311 3467 maximis
334 3404 509 3467 Bonifatii
535 3403 625 3467 VIII
648 3404 683 3467 in
707 3401 832 3480 Sexta,
860 3423 930 3485 que
953 3401 1139 3464 manifeste
1163 3366 1344 3462 ediilii'x‘ni

152 3508 299 3572 obviant
314 3509 387 3593 legi
402 3508 482 3572 Dei.
506 3507 587 3572 Non
612 3508 703 3572 enim
727 3507 912 3591 preferunt
934 3527 1000 3570 nec
1024 3506 1140 3570 sciunt

108 3612 313 3695 sopreferre
338 3633 443 3695 quem
468 3614 569 3676 Deus
592 3612 779 3696 preelegit,
813 3613 877 3676 sed
909 3611 1141 3674 communiter

151 3717 355 3802 preeligunt
371 3718 557 3780 maximum
565 3717 828 3796 Antichristum,
844 3715 925 3799 quia
939 3735 1017 3779 cum
1032 3715 1141 3794 Judas

152 3841 224 3884 non
258 3821 387 3885 dormit
424 3822 575 3885 avaricia
618 3821 801 3885 debriatus
839 3840 927 3903 sepe
966 3819 1141 3902 contingit

153 3926 251 4008 quod
289 3927 484 3990 membrum
522 3925 667 4009 dyaboli
709 3925 923 4009 preferatur3
970 3923 1140 3987 calliditas

208 4247 225 4278 1.
239 4235 269 4278 ei.
286 4234 374 4278 Coun:
389 4247 425 4278 eo.
481 4235 502 4280 3.
518 4235 547 4278 ss:
563 4237 701 4290 impetravit.
758 4236 792 4279 16.
808 4235 836 4278 B:
844 4234 883 4289 fit.

207 4361 247 4411 28.
268 4361 332 4410 Esse
352 4361 473 4411 videntur
491 4362 538 4412 titt.
559 4360 668 4410 lll—Vl.
