3008 5026
591 411 870 466 lNTRODUCTION.

250 573 398 649 Wyclif,
422 593 451 650 p.
475 575 531 651 56:

119 712 196 769 Tres
233 725 335 772 autem
374 727 461 772 erant
497 713 633 785 virtutes,
672 713 702 769 in

76 797 188 875 quibus
213 800 417 874 pertinencias
432 802 539 859 Petrus
559 801 702 876 precelle-

77 898 134 961 ret,
157 886 272 944 scilicet
288 887 372 968 fides,
396 887 559 964 humilitas,
583 886 703 948 caritas.

76 973 175 1048 Fides,
208 992 299 1049 quam
333 989 453 1052 oportet
486 994 551 1033 esse
584 988 701 1050 petram

77 1059 214 1138 ecclesie,
229 1063 412 1138 precellebat
423 1063 454 1120 in
466 1065 563 1137 Petro,
579 1074 704 1137 propter

77 1149 161 1223 quod
211 1147 363 1208 ordinavit
409 1150 553 1226 magister
598 1152 703 1210 Matth.

78 1236 156 1306 XVl,
184 1237 221 1295 16
249 1239 331 1313 quod
355 1237 393 1295 ad
416 1236 617 1313 questionem,
643 1255 704 1312 qua

78 1321 209 1396 quesivit
241 1326 279 1381 de
310 1342 341 1382 se
368 1323 445 1400 ipso,
479 1342 569 1400 quem
600 1323 704 1381 dicunt

78 1407 219 1467 homines
242 1428 306 1468 esse
322 1410 418 1469 lilium
435 1410 575 1484 hominis,
601 1413 704 1468 Petrus

79 1515 136 1570 pro
168 1496 309 1555 omnibus
342 1501 555 1574 responderet:
582 1500 629 1555 Tu
663 1516 703 1566 es,

79 1582 189 1658 inquit,
218 1583 298 1642 lilius
326 1584 381 1642 Dei
408 1585 476 1647 vivi.
514 1585 572 1643 Ubi
601 1588 703 1642 ortho-

80 1671 157 1728 doxe
203 1670 366 1730 confitetur
410 1672 630 1731 humanitatem
674 1671 704 1728 in

80 1757 211 1826 Christo,
236 1759 288 1834 qui
303 1760 402 1835 signat
420 1760 505 1818 illum
524 1761 702 1834 prophetam

80 1843 264 1919 promissum
302 1846 437 1923 patribus
469 1847 516 1904 vel
554 1845 705 1904 Messiam.

81 1930 122 1988 Et
152 1933 286 1991 secunda
323 1952 393 2010 pars
427 1933 588 1992 confitetur
619 1933 704 1992 Chri·

82 2031 162 2075 stum
180 2066 187 2080 .
203 2067 210 2080 .
228 2066 259 2081 ..

252 2209 399 2285 Wyclif,
424 2230 453 2287 p.
476 2211 534 2287 58:

125 2352 280 2423 Quantum
308 2351 347 2409 ad
376 2353 539 2410 secundam
564 2352 704 2410 virtutem

80 2455 140 2513 que
168 2449 212 2495 est
235 2437 400 2510 humilitas,
429 2453 512 2515 patet
529 2487 652 2504 ......
670 2443 706 2497 Et

82 2524 170 2582 istam
194 2524 361 2584 leccionem
384 2525 556 2585 didicerunt
577 2526 705 2603 apostoli

81 2630 99 2670 a
123 2611 268 2686 magistro
293 2613 399 2675 Matth.
421 2614 472 2685 Xl,
499 2630 553 2692 29:
582 2614 705 2684 Discite,

82 2699 190 2775 inquit,
221 2719 239 2758 a
267 2719 324 2773 me,
359 2703 430 2776 quia
463 2701 545 2758 mitis
578 2720 645 2758 sum
678 2714 707 2759 et

82 2786 207 2844 humilis
230 2789 322 2847 corde
339 2834 438 2850 .....

254 2979 397 3054 Wyclif,
421 2998 448 3053 p.
473 2980 531 3038 60:

126 3119 282 3189 Quantum
320 3120 359 3175 ad
398 3118 521 3176 terciam
555 3119 707 3190 virtutem,

85 3204 200 3263 scilicet
217 3205 386 3279 caritatem,
407 3220 490 3280 patet
505 3209 588 3282 quod
604 3211 708 3265 Petrus

84 3292 185 3350 socios
219 3312 289 3350 suos
324 3307 520 3368 precesserat,
560 3309 642 3369 patet
675 3314 708 3351 ex

85 3379 201 3438 fervore
229 3399 354 3455 operum
385 3383 466 3457 quod
495 3395 614 3456 oportet
643 3401 707 3438 cor·

85 3468 304 3541 respondenter
335 3484 368 3524 cx
402 3466 509 3525 maiori
542 3468 709 3526 dileccione

85 3555 265 3628 procedere3
298 3567 327 3611 et
355 3554 552 3613 confirmatur
584 3575 617 3613 ex
641 3557 707 3626 hoc,

85 3642 168 3716 quod
196 3640 285 3699 aliter
307 3643 412 3699 Petrus
439 3642 516 3701 foret
543 3642 634 3701 nimis
663 3643 708 3699 in·

85 3742 199 3803 gratus,
228 3727 285 3786 nisi
314 3728 491 3805 magistrum
520 3742 581 3788 tam
607 3730 708 3804 singu-

85 3814 190 3873 lariter
214 3833 281 3872 eum
307 3815 480 3892 diligentem
498 3835 515 3874 a
530 3830 615 3875 tanta
632 3819 710 3875 blas·

85 3900 207 3977 phemio
230 3903 449 3978 abstergentem
473 3917 503 3962 et
526 3924 616 3979 super
640 3923 709 3963 oves

86 4007 156 4047 suas
206 3989 342 4064 graciose
391 3990 597 4067 proficientem
645 4011 709 4051 cor·

86 4078 304 4152 respondenter
342 4078 438 4153 magis
480 4078 626 4154 diligeret.
672 4081 709 4136 Et

87 4163 286 4222 confirmetur
323 4165 417 4223 tercio
459 4184 493 4224 ex
531 4168 588 4224 hoc
626 4168 709 4242 quod

87 4251 175 4309 aliter
200 4251 342 4326 magister
356 4253 501 4311 iohannis
525 4254 631 4312 ultimo
655 4253 709 4311 im-

88 4339 273 4416 pertinenter
295 4354 449 4416 quereret:
473 4340 580 4399 Simon
598 4342 709 4399 Johan·

1275 393 1379 459 XLV

929 575 1016 647 llus,
1040 573 1091 634 sol
1115 566 1208 634 211b:

798 714 874 771 Tres
912 726 1013 771 autem
1052 725 1140 771 erant
1176 712 1311 785 virtutes,
1349 711 1382 769 in

757 800 867 877 quibus
909 804 1014 859 Petrus
1059 800 1258 876 precellebat:
1298 799 1380 870 fides,

757 887 912 946 humilitas
937 901 966 945 et
990 887 1130 949 charitas.
1164 887 1263 959 Fides,
1288 905 1381 963 quam

757 989 878 1050 oportet
902 993 965 1033 esse
991 975 1222 1033 fundamentum
1248 973 1383 1049 ecclesie,

757 1062 940 1137 precellebat
999 1061 1132 1137 primum
1192 1061 1222 1118 in
1282 1063 1381 1134 Petr0,

758 1162 882 1224 propter
920 1150 1002 1225 quod
1045 1147 1196 1207 ordinavit
1240 1147 1382 1224 magister

759 1238 863 1297 hlatth.
887 1237 983 1294 XXVl
1014 1237 1089 1310 (sic),
1124 1236 1207 1312 quod
1240 1237 1278 1292 ad
1310 1254 1382 1312 que·

758 1322 899 1395 stionem,
929 1343 990 1400 qua
1018 1322 1146 1399 quesivit
1175 1324 1212 1380 de
1244 1340 1275 1380 se
1307 1323 1382 1402 ipso,

758 1430 847 1486 quem
881 1410 985 1469 dicunt
1018 1409 1156 1469 homines
1191 1427 1254 1467 esse
1286 1408 1381 1467 filium

759 1497 899 1570 hominis,
932 1500 1038 1556 Petrus
1070 1516 1127 1573 pro
1163 1498 1304 1554 omnibus
1336 1515 1383 1555 re-

758 1586 935 1659 sponderet:
959 1587 1007 1641 Tu
1031 1603 1071 1656 es,
1096 1583 1205 1659 inquit,
1229 1583 1308 1641 filius
1327 1583 1382 1642 Dei

758 1671 825 1733 vivi.
849 1671 907 1731 Ubi
931 1671 1093 1729 confitetur
1109 1669 1330 1729 humanitatem
1352 1673 1383 1729 in

760 1759 889 1838 Christo,
924 1778 985 1835 quo
1017 1757 1197 1833 significavit
1230 1757 1383 1817 Christum

759 1864 824 1904 esse
851 1845 992 1904 Messiam
1022 1844 1159 1921 patribus
1190 1845 1383 1921 promissum.

760 1935 797 1990 Et
829 1935 961 1991 secunda
1000 1952 1069 2008 pars
1102 1931 1264 1990 confitetur
1296 1932 1382 1991 Chri-

759 2034 839 2077 stum
858 2070 863 2082 ,
880 2070 886 2082 .
903 2069 932 2082 ..

937 2212 1023 2281 llus,
1049 2210 1097 2270 fol.
1123 2213 1213 2268 212¹:

804 2356 959 2426 Quantum
984 2354 1022 2410 ad
1046 2352 1213 2409 secundam
1230 2350 1382 2427 virtutem,

760 2459 818 2517 que
844 2455 888 2498 est
911 2438 1074 2511 humilitas,
1103 2456 1172 2496 curn
1195 2435 1305 2496 Petrus
1329 2458 1382 2497 au·

761 2528 836 2585 divit
867 2546 885 2585 a
919 2526 1063 2601 magistro
1101 2544 1157 2583 suo
1189 2526 1295 2587 Matth.
1327 2527 1383 2587 Xl:

761 2615 872 2672 Discite
904 2633 921 2671 a
954 2630 1012 2682 me,
1045 2610 1117 2688 quia
1151 2610 1231 2670 mitis
1258 2632 1325 2670 sum
1355 2626 1384 2672 ct

760 2701 881 2760 humilis
905 2703 996 2759 corde
1013 2743 1112 2762 .....

927 2982 1014 3050 Hus,
1039 2979 1088 3040 fol.
1113 2972 1220 3039 212¹⁵t

806 3122 960 3191 Quantum
998 3121 1037 3177 ad
1077 3119 1202 3177 terciam
1241 3119 1382 3179 virtutem

762 3226 839 3283 quae
856 3221 900 3264 est
917 3207 1057 3279 charitas,
1080 3219 1172 3281 pater,
1197 3207 1279 3282 quod
1300 3207 1383 3266 illam

762 3295 867 3352 habuit
884 3296 1114 3370 quodammodo
1130 3313 1221 3369 supra
1242 3294 1327 3365 alios,
1351 3309 1385 3352 ut

762 3394 845 3456 patet
862 3401 895 3439 ex
910 3382 1027 3439 fervore
1043 3399 1181 3455 operum,
1201 3400 1279 3458 quae
1295 3401 1385 3457 opor·

762 3483 804 3527 tet
828 3488 861 3526 ex
886 3469 994 3526 maiori
1019 3468 1183 3527 dileccione
1211 3472 1385 3545 procedere.

806 3559 842 3614 Et
884 3556 1083 3613 confirmatur
1122 3574 1156 3614 ex
1192 3557 1259 3628 hoc,
1302 3557 1385 3633 quod

762 3644 849 3701 aliter
874 3646 978 3701 Petrus
1009 3643 1084 3700 foret
1116 3642 1206 3701 nimis
1239 3643 1383 3718 ingratus,

762 3730 820 3788 nisi
853 3731 1031 3805 magistrum
1065 3750 1153 3788 suum
1186 3744 1248 3789 tam
1283 3731 1383 3807 singu·

762 3816 865 3876 lariter
903 3837 973 3875 eum
1011 3817 1184 3891 diligentem
1224 3837 1241 3875 a
1274 3837 1384 3894 magna

762 3905 950 3979 blasphemia
979 3906 1198 3979 abstergentem
1228 3918 1258 3963 et
1293 3923 1385 3980 super

763 4011 833 4050 oves
880 4011 949 4049 suas
994 3991 1131 4066 graciose
1176 3991 1382 4067 preficientem

763 4081 1034 4153 correspondenter
1059 4078 1155 4154 magis
1178 4079 1322 4156 diligeret.
1348 4083 1385 4139 Et

763 4166 857 4225 tercio
895 4166 1095 4224 confirmatur
1127 4185 1161 4224 ex
1199 4169 1266 4240 hoc,
1305 4169 1386 4243 quod

763 4254 849 4312 aliter
878 4253 1020 4329 magister
1044 4255 1168 4312 loannis
1193 4254 1302 4313 ultimo
1331 4255 1387 4311 im·

763 4341 950 4418 pertinenter
965 4355 1136 4417 quaereret:
1154 4341 1261 4401 Simon
1274 4342 1388 4402 Johan·
