3008 5026
721 401 891 453 lOHANNIS
912 401 1052 453 WYCLIF
1233 385 1316 466 [CAP.
1332 397 1385 443 Vll.

391 571 451 640 ego
482 578 543 622 vos
569 561 685 640 genui.
729 557 776 621 Et
809 556 884 622 Gal.
917 556 980 637 IV,
1013 577 1048 638 ¹9
1082 558 1268 641 signanter
1300 558 1386 623 dicit

390 664 605 746 Apostolus:
619 664 729 743 filioli
751 664 820 727 mei
834 682 918 744 quos
938 665 1064 727 iterum
1081 664 1258 746 parturio,
1281 666 1386 729 donec

389 769 570 848 formetur
602 767 759 833 caristus
790 771 826 832 in
857 770 960 832 vobis.
1006 767 1094 831 Ideo
1128 766 1256 832 dicitur
1288 771 1385 851 quod

390 871 515 936 mulier
536 873 681 956 peperit
702 874 810 936 filium
834 874 1036 954 masculum,
1059 873 1120 956 qui
1135 873 1385 956 redempturus

391 986 447 1041 est
475 999 598 1042 omnes
625 987 764 1062 gentes,
784 978 789 1062 Ι
809 979 928 1041 Draco
951 986 1070 1042 eutem
1099 987 1155 1043 est
1170 977 1385 1061 quicumque
1415 981 1470 1046 ¹96⁴

199 1094 250 1138 The
264 1096 353 1151 drago„
391 1082 550 1165 capitalis
588 1083 624 1147 in
655 1082 808 1146 ecclesia
830 1081 1051 1160 Antichristi‚
1089 1083 1195 1147 draco
1232 1091 1385 1166 propter

200 1148 354 1245 ”miiiir'h‘
391 1207 565 1251 venenum
581 1186 761 1271 ypocrisis
773 1195 810 1251 et
819 1187 1050 1252 voracitatem
1064 1186 1189 1270 populi
1204 1187 1385 1271 simplicia.

208 1253 346 1299 mm
390 1292 542 1378 Magnus
574 1301 692 1356 autern
722 1300 876 1375 propter
907 1291 1176 1376 protensionem
1207 1293 1383 1376 potencie,

389 1395 488 1459 rufus
503 1405 654 1480 propter
671 1395 882 1460 effusionem
898 1396 1089 1479 sanguinis,
1105 1416 1212 1479 quem
1225 1397 1384 1478 consilio,

389 1500 520 1564 auxilio
545 1510 582 1565 et
604 1501 809 1584 specialiter
830 1501 1022 1566 omissione
1039 1509 1161 1566 causat
1177 1501 1214 1564 in
1231 1503 1384 1567 ecclesia
1397 1522 1425 1556 10

390 1625 437 1669 ex
453 1626 646 1686 consensu;
671 1625 823 1670 necesse
841 1606 984 1689 quidem
1001 1614 1058 1670 est
1072 1615 1112 1669 ut
1126 1606 1274 1670 veniant
1287 1609 1384 1670 bella

388 1710 482 1775 inter
504 1721 633 1794 gentes
658 1721 694 1775 et
717 1731 829 1794 regna
852 1731 918 1794 pro
942 1711 1143 1776 inordinato
1159 1730 1278 1775 amore
1297 1720 1383 1776 tem·

388 1815 568 1898 poralium,
592 1816 736 1899 quando
759 1818 968 1881 sacerdotes
992 1816 1131 1896 Christi,
1159 1818 1220 1900 qui
1248 1817 1385 1882 debent

388 1921 557 1985 mundum
601 1923 811 2005 relinquere,
856 1931 939 1986 sunt
982 1923 1135 1986 maxime
1175 1922 1381 1987 mundiales.

388 2024 538 2108 Septem
566 2026 681 2109 capita
708 2035 792 2091 sunt
818 2027 1031 2091 universitas
1063 2035 1294 2110 peccatorum
1322 2030 1381 2092 vel
1396 2031 1423 2083 15

389 2130 662 2209 evidenciarum,
673 2132 803 2215 quibus
820 2133 947 2196 suadet
955 2153 996 2197 se
1007 2152 1089 2196 esse
1101 2141 1209 2215 caput
1219 2134 1382 2200 ecclesie.

388 2234 435 2298 Et
445 2236 569 2299 decern
580 2255 713 2300 cornua
726 2237 938 2302 universitas
953 2246 1214 2320 potentatuum,
1225 2239 1287 2321 qui
1297 2239 1381 2303 mili·

389 2349 464 2404 tant
486 2343 553 2404 sub
570 2342 704 2405 vexillo
721 2341 825 2407 huius
836 2342 1008 2424 principis
1019 2342 1238 2408 Antichristi
1262 2343 1382 2408 Cauda

389 2445 464 2509 eius
481 2455 537 2509 est
560 2446 645 2510 cleri
657 2448 898 2527 communitas,
923 2467 992 2530 que
1010 2449 1176 2530 exemplo
1199 2468 1265 2512 suo
1275 2448 1382 2511 trahit

388 2551 510 2615 stellas
540 2551 577 2614 in
609 2560 745 2628 terram,
777 2553 918 2634 quando
951 2551 1049 2616 viros
1081 2552 1381 2636 contemplativos
1393 2571 1424 2605 20

388 2655 531 2735 inducit,
563 2664 603 2719 ut
634 2658 844 2720 deserentes
875 2658 1104 2740 splendorem
1136 2657 1306 2722 virtutum
1344 2667 1382 2721 et

388 2760 493 2824 situm
525 2762 632 2823 altum
663 2761 700 2823 in
731 2762 951 2826 firmamento
980 2762 1132 2826 ecclesie
1156 2762 1382 2826 mundialiter

389 2875 655 2930 conversentur.
671 2863 828 2949 Oportet
843 2866 951 2950 igitur
966 2868 1064 2949 quod
1082 2867 1212 2931 Christi
1227 2868 1381 2933 vicarius

388 2970 434 3033 sit
465 2970 606 3033 minime
638 2971 834 3042 mundialis,
873 2979 913 3033 ut
943 2980 1046 3053 patet
1076 2971 1155 3051 Joh.
1186 2971 1308 3054 XVII,
1345 2982 1381 3037 et

388 3073 415 3139 1.
439 3076 516 3155 Joh.
537 3074 581 3153 V,
608 3075 690 3158 quia
716 3076 819 3138 aliter
845 3076 1044 3158 submergit
1071 3097 1110 3141 se
1136 3076 1171 3140 in
1200 3078 1285 3141 mari
1308 3085 1421 3142 nona-³

390 3199 468 3242 cum
492 3181 600 3244 Petro
635 3182 815 3245 ambulans
847 3180 1000 3243 fideliter
1031 3201 1141 3264 super
1169 3201 1288 3264 aquas.
1334 3183 1381 3247 Et

388 3284 456 3349 iste
481 3285 663 3348 sentencia
686 3285 894 3369 evangelica
916 3289 1086 3350 movebat
1107 3289 1251 3351 beatum
1270 3289 1380 3353 Bern-

388 3391 535 3453 hardum
567 3389 658 3452 libro
692 3388 746 3452 III
779 3391 822 3453 ad
854 3390 1065 3472 Eugenium,
1097 3393 1239 3473 quando
1273 3392 1379 3458 dixit:

389 3494 531 3559 Nullum
548 3495 608 3557 tibi
622 3513 798 3571 venenum,
814 3497 948 3558 nullum
960 3496 1123 3575 gladium
1138 3497 1199 3559 tibi
1207 3496 1380 3577 formido,

388 3619 494 3680 quam
516 3601 692 3663 libidinem
714 3602 929 3664 dominandi.
1391 3608 1422 3661 30

432 3704 536 3767 Unde
569 3703 794 3786 Augustinus
831 3724 996 3767 sermone
1030 3703 1123 3767 XIV
1158 3704 1215 3768 De
1247 3706 1380 3772 Verbis

389 3808 533 3872 Domini
555 3816 683 3871 notens
706 3810 909 3872 navicellam
924 3808 1019 3871 Petri
1034 3810 1176 3890 signare
1200 3813 1379 3877 ecclesiam

389 3919 419 3977 ei
442 3933 540 3977 mare
554 3915 717 3992 seculum,
742 3913 839 3977 cuius
854 3913 983 3977 fluctus
1003 3923 1086 3977 sunt
1100 3916 1380 3997 persecuciones

388 4026 619 4100 tyrannorum
660 4017 793 4082 inflicte
834 4019 1010 4101 fidelibus,
1048 4020 1156 4084 docet
1198 4023 1379 4103 quomodo

442 4226 463 4271 8.
478 4226 496 4270 B
510 4226 534 4269 in
550 4237 636 4281 marg:
651 4227 732 4272 Draco
745 4238 826 4283 agnus
839 4225 914 4283 rasus.

444 4350 482 4404 28.
502 4352 552 4404 Ubi
571 4368 658 4420 supra.
731 4355 771 4406 ir.
791 4354 861 4420 Opp.
879 4363 944 4406 tom.
957 4354 989 4417 V,
1009 4355 1130 4421 Append.
1149 4370 1175 4421 p.
1196 4354 1253 4406 132.
