3008 5026
190 422 257 468 cm.
276 406 342 495 vn]
488 428 534 477 on
554 426 766 479 potestate
785 429 884 479 PAPE.

189 585 310 668 pulum
342 585 377 647 in
410 584 597 667 scriptura
642 584 776 648 Posset
807 593 844 647 et
875 596 1020 669 quartus
1052 606 1180 650 sensus

188 689 330 752 moralis
357 688 438 752 elici
460 708 508 752 ex
534 688 605 753 isto
628 709 740 772 opere
763 690 959 753 secundum
984 689 1180 754 doctrinam

189 793 348 876 Crysost.
375 813 485 876 super
512 794 674 858 secundo
698 795 865 877 capitulo,
891 794 936 858 11.
958 794 1084 879 Hym.
1107 815 1179 858 mo·

188 898 251 962 rali
274 898 317 979 V,
344 898 481 963 scilicet
507 899 604 981 quod
630 900 805 963 vadentes
835 900 872 963 in
894 900 1015 964 mundi
1042 899 1211 963 diviciisn
1223 916 1396 1024 ffiagoffiaygea

164 1008 364 1087 ⁵tamquam
387 1003 599 1087 vertiginosi
626 1004 762 1068 habent
783 1005 829 1068 de
863 1004 1105 1087 spiritualibus
1131 1004 1180 1067 in-
1208 1022 1313 1082 ρμῃιιῑι.
1327 1032 1378 1081 »ρο

188 1117 323 1172 certum
337 1107 513 1172 iudicium
537 1107 687 1171 Constat
702 1108 846 1191 quidem
861 1109 1080 1172 naturalibus
1095 1129 1180 1191 quo·
1194 1073 1393 1181 wssiiiiiiiff'

188 1214 294 1277 modo
321 1212 358 1275 in
379 1212 611 1297 vertiginosis
638 1212 794 1296 spiritus,
822 1213 883 1296 qui
910 1223 993 1278 sunt
1016 1213 1183 1278 vehicula

187 1318 394 1382 interiorum
430 1337 608 1399 sensuum,
641 1316 872 1382 circumducti
908 1318 1044 1382 faciunt
1075 1338 1180 1402 appa·

186 1422 343 1486 renciam
366 1422 476 1486 eciam
492 1422 605 1505 quieti
625 1422 801 1505 corporis,
823 1443 865 1485 ac
888 1422 919 1488 si
941 1431 1182 1488 corrotaretur

148 1526 330 1590 1ohomine
361 1535 478 1592 stante
510 1527 597 1593 fixo.
636 1525 697 1592 Sic
722 1527 946 1610 cogitacione
974 1537 1012 1590 et
1032 1527 1182 1592 fantasia

187 1631 270 1694 fixis
306 1631 343 1693 in
380 1631 636 1714 temporalibus
674 1631 822 1695 detecto
860 1631 987 1695 timore
1024 1632 1095 1695 Dei
1131 1633 1180 1696 in·

188 1735 339 1815 mobilis,
376 1735 514 1800 diviciis
552 1755 591 1799 se
630 1736 917 1818 sperificantibus
955 1737 999 1800 ad
1038 1757 1182 1820 corrup·

189 1840 328 1903 cionem
352 1840 572 1904 sensibilium
594 1838 706 1903 instar
732 1860 835 1923 aque,
857 1859 1008 1905 necesse
1032 1849 1087 1904 est
1109 1840 1181 1904 fan·

188 1945 312 2008 tasiam
329 1953 366 2008 et
382 1944 613 2010 affeccionem
628 1945 841 2028 vertiginosi
859 1946 1182 2028 proporcionaliter

147 2049 418 2128 15circumduei3
445 2060 481 2113 et
503 2051 583 2115 talis
606 2071 678 2115 non
703 2050 797 2114 foret
819 2053 934 2114 bonus
951 2052 1026 2113 dux
1044 2050 1181 2115 itineris

189 2156 233 2219 ad
248 2156 479 2238 sequendum
495 2155 601 2219 Unde
618 2155 762 2220 erivatis
777 2156 897 2219 multis
915 2156 1014 2219 malis
1031 2156 1181 2220 avaricie

187 2261 397 2342 imaginatur
422 2259 492 2323 iste
520 2270 665 2325 sanctus
697 2260 844 2324 animam
875 2261 955 2324 talis
980 2261 1117 2323 extrahi
1145 2269 1182 2325 et

188 2372 337 2447 peccata
368 2384 433 2427 sua
462 2364 498 2427 in
525 2366 714 2448 qualitates
745 2365 933 2428 sensibiles
965 2366 1181 2429 commutari.

195 2471 330 2532 Videres
351 2474 439 2546 tune,
461 2468 584 2551 inquit,
607 2471 768 2533 animam
782 2471 958 2551 pallidam
974 2475 1182 2549 trementem,

145 2596 178 2629 20
187 2573 480 2653 verecundantem,
518 2575 678 2651 velatam,
714 2574 882 2654 agoniam
924 2575 1110 2655 labentem,
1146 2594 1182 2639 se

187 2679 303 2760 ipsam
326 2677 572 2740 miserabiliter
594 2683 894 2759 contempnentem.
928 2677 974 2740 Et
995 2679 1063 2741 hec
1085 2678 1180 2741 racio

188 2802 297 2864 quare
326 2780 486 2846 Christus
516 2781 631 2845 voluit
658 2783 768 2845 duces
795 2802 860 2846 sue
889 2783 1041 2847 ecclesie
1072 2782 1182 2846 instar

188 2885 243 2949 sui
266 2906 285 2948 a
307 2885 541 2949 mundialibus
565 2885 734 2969 elongari,
766 2906 811 2950 ne
837 2886 987 2950 fantasia
1015 2896 1183 2971 corrupta

189 2998 443 3073 contempnent
457 3009 560 3053 veras
584 2989 740 3072 divicias,
765 2999 803 3055 et
824 2990 904 3054 talis
930 2990 1076 3055 indubie
1098 2991 1184 3055 licet

145 3095 418 3179 25reputacione
449 3097 607 3176 humana,
638 3104 755 3159 tamen
787 3116 856 3160 non
883 3097 1094 3161 auctoritate
1110 3096 1181 3159 Do·

188 3200 273 3263 mini
295 3200 392 3264 foret
413 3220 517 3283 papa.

232 3306 291 3369 Ad
315 3304 474 3388 quintum
502 3312 605 3387 patet
633 3325 680 3368 ex
707 3305 768 3369 illo
794 3305 881 3368 Mar.
904 3305 998 3369 XIV
1022 3306 1119 3388 quod
1142 3305 1181 3369 P.
1212 3334 1382 3378 Titianos

190 3420 228 3473 et
251 3410 402 3492 quilibet
424 3410 500 3472 eius
521 3409 674 3473 vicarius
698 3411 808 3472 debet
831 3430 911 3472 cum
933 3409 1074 3474 Christo
1093 3410 1179 3493 vigi·
1202 3387 1390 3482 pff‘fvffiiiflb‘

188 3516 262 3577 lare
291 3514 465 3578 attencius
493 3514 528 3577 in
553 3514 718 3579 custodia
739 3514 863 3597 gregis
889 3515 953 3595 sui,
981 3515 1064 3596 quia
1087 3490 1397 3587 Psal·⁸¹¹“⁶d{2l‘,’f¹¹¹‘

148 3627 179 3678 30
189 3639 247 3681 mo
272 3618 389 3698 CXX,
421 3619 592 3697 4dicitur
620 3619 718 3702 quod
745 3638 813 3682 non
845 3621 1046 3683 dormitabit
1078 3636 1182 3699 neque

103 3727 161 3797 ¹97⁴
189 3725 345 3795 dormiet,
373 3725 432 3804 qui
458 3725 603 3790 custodit
632 3723 784 3803 Ysralrel,
821 3723 919 3806 quod
951 3724 982 3787 si
1013 3722 1182 3807 nolmine

241 3959 264 3999 4
280 3944 367 3990 Codd.:
383 3946 503 3990 vadantes.
559 3945 801 4002 12.rperificantilur.
822 3946 852 3991 B:
868 3947 901 3990 ad
913 3946 1006 3990 modum
1023 3957 1093 4002 spere
1106 3957 1132 3989 se
1145 3956 1184 3989 ro·

188 4015 304 4066 tontibur,·
324 4016 416 4059 additur
430 4022 452 4058 et
466 4016 488 4059 in
504 4017 524 4059 Α
541 4016 563 4059 in
580 4028 653 4071 marg.
709 4016 747 4062 25.
762 4022 854 4066 tamem·
873 4018 907 4059 Αι
922 4021 1018 4059 tantum.
1074 4027 1112 4071 27.
1128 4015 1144 4057 B
1159 4015 1182 4058 in

191 4097 278 4140 marga
298 4084 334 4128 Ad
346 4086 370 4128 5.
425 4084 460 4130 31.
480 4085 521 4128 AB
538 4085 561 4128 in
577 4097 663 4141 merga
684 4087 809 4143 Papauer
825 4089 859 4128 est
877 4096 947 4128 verus
964 4084 1069 4128 vicart'ur
1089 4083 1183 4139 Christi,

190 4160 246 4198 dum
260 4153 377 4198 Christum
391 4166 437 4198 non
452 4154 565 4197 imitatur.

245 4280 268 4333 3.
288 4279 316 4328 ln
335 4275 384 4345 Ep.
403 4279 424 4329 ll
444 4279 476 4329 ad
491 4278 610 4333 Timoth.
629 4296 687 4347 cap.
706 4280 726 4330 ll
746 4281 826 4332 Hom.
838 4280 871 4346 V,
890 4279 960 4347 Opp.
979 4289 1044 4331 tom.
1063 4279 1105 4343 xl,
1124 4276 1184 4331 628.

195 4381 234 4434 ¹9·
253 4381 310 4432 pag.
330 4367 390 4416 628.

1032 4448 1080 4503 io*
