3008 5026
361 1383 525 1500 Incipit
558 1379 801 1611 Sentencilq
832 1381 944 1472 libri
977 1381 1033 1472 dc
1065 1380 1294 1472 Potestate

799 1547 898 1637 ape.

381 1729 570 1793 Sentencia
585 1693 665 1792 libri
681 1729 792 1791 ultimi
812 1730 848 1791 in
865 1729 1074 1812 compendio
1091 1729 1143 1792 sic
1161 1729 1324 1790 habetur:
1350 1731 1398 1782 263·

381 1832 580 1914 Capitulum
603 1833 753 1915 primum
776 1832 985 1914 premittens
1010 1832 1325 1915 equivocacionem

339 1937 602 2019 quadruplicem
626 1936 817 2018 potestatis
842 1936 967 2000 dividit
991 1937 1114 2019 ipsam,
1143 1938 1349 2000 declarans?

340 2043 519 2123 quomodo
553 2061 600 2103 ex
632 2041 807 2123 scriptura
838 2061 910 2103 non
943 2042 1099 2115 docetur,
1138 2041 1237 2123 quod
1274 2048 1327 2101 est

340 2153 498 2226 potestas
531 2155 653 2226 preter
679 2144 867 2207 racionalis
890 2155 1015 2208 nature
1044 2145 1257 2227 potenciam,
1293 2153 1328 2205 et

342 2248 521 2329 quomodo
546 2247 676 2330 aliquid
700 2248 846 2310 alterius
871 2250 1031 2311 subiacet
1053 2247 1233 2330 potestati.
1268 2245 1327 2311 Se·

342 2351 458 2413 cundo
482 2351 734 2413 descendendo
752 2352 795 2413 ad
812 2351 1023 2414 diuisionem
1040 2351 1206 2430 Hugonis
1234 2349 1330 2413 elicit

342 2454 622 2536 descripcionem
655 2455 843 2537 potestatis
876 2455 1045 2519 secularis
1073 2464 1110 2518 et
1138 2453 1331 2537 spiritualis
1341 2473 1369 2511 ιο

344 2567 380 2621 et
412 2558 601 2623 obiciendo
634 2560 806 2624 dissolvit.
844 2559 971 2622 Tercio
1004 2559 1247 2642 principaliter
1279 2578 1330 2621 ar·

344 2663 462 2743 guitur
486 2664 583 2745 quod
606 2663 792 2745 superfluit
821 2685 957 2747 ponere
981 2665 1082 2726 aliani
1114 2672 1333 2746 potestatem

345 2776 467 2848 preter
488 2768 636 2829 liberum
660 2768 850 2845 arbitrium,
874 2770 1032 2831 seeundo
1057 2769 1154 2850 quod
1170 2777 1333 2850 potestas

346 2871 490 2952 ordinis,
515 2891 593 2933 cum
616 2892 708 2935 nune
733 2882 853 2954 potest
868 2872 980 2936 laxari
1002 2883 1038 2935 et
1054 2892 1146 2934 nunc
1162 2871 1333 2956 restringi

345 2975 475 3037 suflicit
498 2976 573 3038 sine
597 2986 776 3058 potestate
806 2978 988 3059 regiminis
1014 2979 1071 3040 vel
1096 2976 1372 3040 iurisdicionis15

345 3080 581 3161 superaddita.
618 3081 664 3143 Et
696 3081 809 3144 tercio
842 3082 999 3164 arguitur
1026 3101 1091 3163 per
1122 3084 1202 3159 hoc,
1235 3083 1333 3164 quod

345 3195 505 3247 creatura
522 3205 591 3246 non
604 3195 815 3267 cooperatur
830 3205 907 3247 cum
918 3186 999 3247 Deo
1016 3185 1333 3267 comproducendo

344 3289 572 3370 quantitatem
588 3289 837 3352 indivisibilem
857 3290 893 3352 in
908 3299 1037 3367 mente,
1057 3310 1128 3373 quo
1145 3290 1334 3373 tripliciter

345 3394 527 3456 confirmat
550 3402 587 3455 et
608 3396 816 3476 respondet,
847 3397 943 3476 quod
972 3403 1136 3477 potestas
1162 3415 1257 3457 nunc
1280 3414 1332 3457 ac·

345 3497 474 3578 cipitur
484 3497 691 3580 simpliciter
703 3508 739 3560 et
751 3518 843 3560 nunc
855 3499 1090 3582 aggregative
1101 3499 1333 3581 superaddita
1345 3519 1373 3551 2⁰

344 3603 492 3664 humana
508 3602 797 3684 promulgacione
813 3602 998 3683 autentica,
1019 3611 1056 3665 et
1069 3603 1162 3666 illam
1179 3622 1333 3666 necesse

345 3714 400 3767 est
423 3725 558 3787 ponere
578 3716 663 3787 post
677 3708 824 3788 lapsum,
849 3708 989 3789 quando
1006 3707 1108 3771 Deus
1128 3708 1341 3785 autenticat,

346 3820 381 3871 ct
413 3809 463 3871 sic
497 3817 578 3871 sunt
606 3811 713 3872 multe
741 3820 951 3892 potestates,
983 3832 1053 3894 que
1080 3831 1153 3874 non
1180 3811 1334 3874 fuissent

345 3913 379 3974 in
397 3924 491 3976 statu
514 3913 738 3990 innocencie,
762 3917 920 3978 secundo
938 3918 1045 3979 docet
1066 3916 1247 3998 quomodo
1271 3935 1332 3999 po·

345 4026 417 4080 test
439 4017 562 4098 augeri
583 4019 640 4079 vel
664 4020 780 4095 minui,
806 4029 842 4083 et
865 4020 975 4082 tercio
1000 4022 1107 4082 docet
1131 4020 1216 4102 quid
1240 4027 1373 4084 crea-223

345 4133 422 4184 tura
438 4121 591 4185 coefficit
607 4143 685 4186 cum
702 4125 782 4187 Deo
800 4134 836 4188 et
852 4125 937 4207 quid
953 4145 1035 4199 non,
1060 4135 1096 4189 et
1112 4128 1332 4208 exponendo

346 4224 535 4306 scripturas
579 4228 792 4309 multiplices
832 4238 932 4292 notat
979 4231 1131 4311 qualiter
1169 4230 1333 4293 Christus

345 4329 464 4408 tacuit,
490 4329 568 4410 Joh.
591 4330 687 4394 XIX
714 4335 867 4396 tacendo
896 4333 1075 4398 doctrinas
1106 4333 1333 4416 multiplices.
