3008 5026
155 395 223 441 erp.
243 379 296 468 vn]
453 400 496 448 ns
518 399 728 450 eorssrnas
751 399 845 449 eins.
1303 408 1360 469 103

153 576 247 639 pape
270 556 403 618 habent
427 565 558 619 tantam
581 565 797 637 potestatem
827 565 992 637 quantam
1020 555 1144 619 habuit
1167 576 1341 631 powersornn

152 663 280 724 beatus
303 660 432 724 Petrus
456 662 514 723 vel
538 661 626 723 alius
651 658 781 723 Christi
804 662 997 743 apostolus.
1025 659 1144 723 Prima
1205 629 1304 685 apeme.

153 786 235 848 pars
267 774 367 847 patet
399 785 447 828 ex
479 765 760 847 primogenitura
794 763 933 847 Christi,
972 786 1042 848 que
1074 785 1143 828 non

153 879 277 952 potest
301 868 549 932 communicari
573 869 676 933 alicui
697 870 772 933 eius
796 869 940 946 vicario,
958 889 1037 932 cum
1060 879 1144 931 tunc

131 973 246 1036 §foret
269 973 370 1036 Deus
396 984 432 1036 et
453 974 573 1052 homo;
603 995 681 1036 cum
704 973 814 1056 igitur
838 972 998 1037 Christus
1021 973 1145 1036 habuit

152 1079 244 1141 illam
268 1088 486 1160 potestatem
519 1078 801 1162 primogeniture
828 1078 1038 1160 humanitus,
1085 1097 1142 1140 se·

154 1183 272 1264 quitur
295 1184 528 1265 probandum.

196 1287 297 1363 Item,
344 1286 505 1351 Christus
549 1288 671 1350 habuit
720 1297 937 1369 potestatem
986 1287 1144 1369 ponendi
1177 1306 1339 1351 ciriacam

154 1389 299 1453 animam
333 1410 429 1454 suam
463 1401 500 1455 et
523 1390 648 1454 iterum
673 1390 834 1454 sumendi
859 1411 945 1463 eam,
979 1400 1017 1454 ut
1044 1399 1143 1474 patet
1162 1359 1357 1456 tiieyai‘iwrili'it

115 1495 276 1574 roJohan.
286 1494 333 1574 X,
357 1496 467 1559 etsie
495 1517 566 1559 non
589 1496 708 1578 potuit
731 1495 856 1577 aliquis
880 1495 956 1557 eius
979 1495 1142 1573 vicarius,
1181 1476 1257 1573 'lily’
1269 1465 1349 1560 <iiim

153 1608 192 1662 ut
213 1601 370 1662 declarat
384 1601 609 1683 Augustinus
627 1599 764 1662 Omelia
779 1598 931 1680 XLVII,
956 1620 1044 1682 ergo
1062 1619 1144 1662 con·
1207 1581 1249 1612 ⁰⁸¹¹
1264 1570 1304 1612 ω’

155 1704 277 1767 clusio.
302 1702 341 1767 Si
358 1703 450 1767 enim
465 1705 595 1768 Petrus
612 1706 763 1767 haberet
777 1713 994 1787 potestatem
1017 1703 1144 1767 iterum

154 1809 316 1871 sumendi
346 1807 494 1871 animam
528 1829 624 1871 suam
649 1808 746 1891 prius
769 1808 935 1890 positam,
958 1817 1146 1890 oporteret

153 1912 299 1976 Petrum
324 1932 404 1975 esse
428 1922 585 1976 naturam
602 1913 747 1975 terciam
770 1933 789 1975 a
806 1932 958 1996 corpore
977 1923 1015 1976 et
1030 1912 1143 1976 anima

115 2028 142 2078 15
154 2020 209 2082 cui
219 2017 356 2082 inesset
365 2029 528 2102 potestas
543 2018 747 2080 resumendi
761 2016 908 2080 animam
920 2017 970 2080 sic
981 2017 1144 2100 positam,

153 2126 251 2206 quod
282 2123 350 2187 soli
377 2126 458 2187 Deo
491 2132 614 2206 potest
643 2132 859 2204 competere,
887 2123 969 2204 quia
1000 2130 1145 2204 oportet

154 2230 238 2292 dare
277 2227 476 2291 subiectum
509 2226 565 2289 cui
604 2237 827 2308 competeret
865 2225 916 2289 sic
955 2245 1145 2304 assumere,

154 2353 284 2414 corpus
307 2352 395 2395 vero
421 2331 593 2402 exanime,
618 2351 687 2395 non
704 2332 813 2393 habet
827 2329 1028 2393 huiusmodi
1043 2340 1144 2413 pote·

154 2447 283 2501 statem
307 2457 374 2499 nec
398 2436 511 2499 anima
532 2444 656 2518 potest
679 2455 717 2497 se
740 2435 854 2518 ipsam
878 2455 1065 2498 assumere.

113 2564 144 2598 20
196 2540 298 2623 Item,
328 2539 486 2603 Christus
524 2543 632 2602 habet
670 2560 736 2621 per
773 2559 813 2602 se
850 2548 1068 2622 potestatem
1101 2539 1146 2602 ad
1188 2543 1327 2589 eunome

153 2645 395 2709 redimendum
411 2664 526 2726 genus
542 2646 729 2706 humanum
751 2646 847 2706 etad
864 2643 1145 2726 principiandum
1170 2657 1193 2692 ¹0
1209 2612 1299 2694 iiiiii
1315 2651 1353 2692 the

153 2749 307 2832 graciam
340 2749 486 2812 cuilibet
519 2748 619 2811 alteri
651 2750 696 2810 de
729 2768 794 2810 suo
823 2767 968 2829 genere,
1001 2750 1065 2810 sed
1094 2747 1145 2810 sic
1179 2705 1265 2746 mmm
1282 2715 1341 2747 'm'

155 2874 225 2916 non
257 2855 366 2916 habet
398 2853 523 2935 aliquis
548 2852 624 2915 eius
648 2851 811 2932 vicarius,
841 2871 928 2933 ergo
954 2851 1146 2916 conclusio

154 2961 384 3022 Antecedens
408 2967 509 3040 patet
533 2977 598 3040 per
613 2957 699 3020 illud
714 2956 838 3035 Johan.
855 2956 883 3038 1,
905 2978 956 3035 14:
988 2956 1146 3020 Vidimus

69 3068 127 3119 186·
150 3064 305 3144 gloriam
344 3064 417 3126 eins
453 3062 554 3142 quasi
591 3063 758 3142 unigeniti
794 3082 817 3124 a
849 3067 952 3142 patre
976 3062 981 3143 Ι
1001 3064 1145 3143 plenum

150 3169 270 3248 gracie
294 3173 323 3230 ci
346 3169 517 3242 veritatis,·
540 3168 581 3229 dc
603 3167 701 3228 caius
711 3168 926 3248 plenitudine
945 3184 1007 3229 nos
1029 3183 1147 3228 omues

154 3273 353 3353 accipimur,
373 3273 535 3352 graciam
555 3288 623 3352 pro
643 3267 781 3333 Gracia.
810 3268 870 3335 Sic
898 3269 1005 3353 igitur
1028 3271 1146 3331 nullus

156 3376 241 3439 alius
264 3385 389 3459 potest
411 3374 535 3438 mutari
558 3374 594 3437 in
617 3375 734 3437 Deum
758 3384 795 3437 et
817 3373 1005 3455 hominem,
1034 3383 1074 3436 ut
1097 3373 1144 3436 sit

155 3501 219 3563 per
243 3500 281 3542 se
305 3481 384 3543 fons
401 3479 530 3562 gracie,
554 3498 660 3560 aquo
678 3488 825 3561 oportet
839 3499 977 3542 omnem
992 3477 1146 3561 graciam

115 3593 145 3644 30
156 3587 268 3648 datam
294 3585 446 3648 ecclesie
469 3583 631 3662 derivari,
655 3584 738 3665 quia
760 3585 811 3646 sic
835 3604 901 3647 nec
919 3593 1042 3665 potest
1057 3582 1145 3644 alius

154 3691 260 3751 homo
294 3690 352 3752 vel
385 3690 532 3771 angelus
555 3690 663 3752 Jhesu
687 3698 812 3751 nostro
836 3688 871 3751 in
903 3686 1082 3770 potencia,
1109 3685 1144 3748 in

154 3792 377 3875 plenitudine
413 3792 533 3875 gracie
571 3794 630 3856 vel
668 3791 931 3875 preeminencie
968 3790 1145 3874 coequari.

208 4080 225 4111 r.
241 4069 259 4111 B
274 4068 297 4111 in
311 4081 397 4123 marg:
418 4068 557 4112 Potestalem
573 4068 678 4112 Clirr'sius
697 4068 777 4112 habuit
794 4068 927 4111 humanitus
944 4071 1055 4122 quantam
1070 4066 1146 4109 nullus

154 4139 237 4181 tatuit
248 4139 375 4192 apostolus.
432 4150 464 4191 ¹4·
480 4139 592 4188 terciam
611 4138 681 4180 sicin
701 4137 783 4180 codd:
802 4141 944 4191 reparatam.
1001 4145 1039 4190 27.
1055 4133 1144 4178 codd:

153 4219 287 4261 accipimur.

212 4348 249 4383 ιι.
269 4333 339 4397 Opp.
358 4341 422 4383 tom.
444 4332 485 4397 lll,
504 4331 564 4384 610.
