3008 5026
163 365 220 427 182
708 378 877 431 JonnNNts
895 378 1035 429 wicus
1200 358 1284 448 [cee-
1300 374 1363 418 vm.

159 549 365 593 otnerinsonces
419 533 583 612 Secundo,
611 555 702 600 anno
728 537 861 601 domini
885 533 1126 603 CCCCXCIII
1149 539 1267 599 contra
1295 532 1361 614 Sy-

167 602 194 645 ot
206 602 261 646 rivel
277 613 352 658 popei

177 654 348 762 aeffitgffcdeey
375 641 535 704 maehum
562 660 697 723 papam
730 640 914 704 ordinatur
944 639 1158 704 Laureucius
1183 657 1250 721 per
1280 656 1362 701 con-

213 758 302 803 oiceto.
373 745 570 808 teuciouem.

421 847 544 927 Tercio,
576 867 667 912 auno
699 849 833 912 domini
863 846 1024 915 DCCLX
1028 847 1114 912 VIII
1144 845 1364 913 Constantino

369 971 469 1034 papa
505 955 699 1018 scismatico
737 956 844 1018 oculis
872 955 1010 1036 privato
1045 950 1235 1035 Stephanus
1264 962 1390 1033 papas

372 1059 605 1135 constituitur;
625 1060 679 1122 hic
700 1061 869 1140 synodum
892 1058 1000 1123 Rome
1022 1063 1206 1139 congregat
1221 1061 1250 1120 et
1265 1056 1363 1119 ordi-

373 1168 474 1226 natos
495 1183 518 1226 a
543 1161 763 1228 Constantino
786 1165 980 1228 scismatico
1003 1165 1191 1227 reordinat.

421 1265 561 1350 Quarto,
584 1286 676 1331 anuo
698 1269 832 1331 domini
847 1265 1059 1334 DCCCLIII
1071 1268 1239 1330 adversus
1253 1264 1362 1327 Bene-

374 1371 502 1434 dictum
521 1390 656 1454 papam
680 1372 889 1436 Anastasius
909 1373 1125 1452 presulatum
1149 1368 1287 1433 invadit.

421 1474 553 1557 Quinto,
584 1495 676 1539 auno
703 1477 837 1540 domini
863 1473 1090 1542 DCCCCVH
1111 1475 1265 1557 presidet
1296 1472 1363 1536 Leo
1379 1500 1409 1533 ιο

372 1598 481 1661 papa,
504 1585 623 1643 contra
645 1599 744 1660 quem
770 1577 1012 1660 Chrystosorus
1034 1579 1156 1660 surgit.

418 1682 524 1763 Sexto,
556 1703 647 1748 anno
678 1685 814 1748 domini
840 1681 1148 1749 DCCCCLXVIII
1177 1683 1313 1745 collecta
1341 1700 1363 1743 a

372 1793 442 1851 tota
470 1788 585 1852 Ytatia
608 1789 844 1871 episcoporum
867 1789 994 1868 syuodo
1010 1786 1184 1850 Johaunes
1201 1804 1299 1868 papa
1322 1787 1364 1848 de

373 1894 548 1975 nephariis
562 1894 677 1956 causis
687 1892 892 1973 infamatur,
903 1894 1056 1972 quidum
1071 1910 1107 1955 se
1122 1895 1363 1955 excusaturum

373 1999 487 2061 neuire
500 2003 687 2076 cunctatur,
696 1997 763 2060 Leo
777 1998 888 2059 adhuc
901 1999 1019 2077 laycus
1033 1997 1193 2060 eleccione
1206 1995 1362 2058 omnium
1379 2007 1407 2057 15

374 2107 403 2164 et
425 2120 588 2165 couseusu
610 2102 833 2184 imperatoris
849 2119 948 2183 papa
970 2101 1195 2165 substituitur.
1220 2097 1277 2162 Sic
1296 2098 1362 2162 Leo

373 2205 460 2286 secit
489 2206 729 2270 ordinacioues
760 2212 790 2269 et
821 2206 904 2287 alia,
936 2224 1000 2286 que
1031 2209 1130 2268 erant
1166 2204 1362 2286 apostolica.

373 2308 443 2373 Nee
472 2311 614 2391 longum
636 2309 788 2372 Romani
818 2310 966 2372 alterata
988 2309 1064 2388 fide
1087 2309 1182 2389 apud
1205 2309 1360 2389 impera-

373 2419 482 2477 torem
501 2433 636 2496 papam
659 2414 826 2494 recipiunt
847 2412 1048 2479 Johaunem.
1080 2412 1143 2475 Ille
1165 2417 1281 2474 aulem
1303 2431 1360 2490 sy-

374 2520 461 2581 uodo
485 2519 621 2581 collecta
637 2517 782 2581 Leonem
805 2519 961 2599 deposuit
983 2522 1013 2581 et
1036 2519 1109 2580 eius
1127 2520 1226 2597 gesta
1241 2533 1361 2578 cassa·
1375 2542 1408 2576 20

374 2623 428 2685 vit.
452 2620 689 2702 Statutumque
710 2626 759 2684 est
779 2621 947 2702 synodum
971 2639 994 2683 a
1018 2620 1125 2685 Leone
1152 2638 1218 2683 uon
1246 2621 1357 2683 uomi—

373 2727 529 2788 uandam
544 2726 712 2805 synodum
727 2726 787 2787 sed
797 2726 1025 2806 prostibulum
1040 2724 1168 2806 fauens
1187 2724 1362 2787 adulteris.

378 2828 587 2912 Quicumque
617 2829 726 2909 igitur
757 2848 793 2892 eo
826 2828 1007 2893 ordinante
1044 2834 1143 2893 eraut
1180 2830 1363 2911 dampnati

374 2934 462 2996 iussi
483 2952 584 2996 suam
601 2933 757 3015 ipsorum
777 2935 1070 3015 proscripsionem
1090 2932 1095 3017 Ι
1111 2938 1311 3016 presentare
1327 2934 1362 2994 in
1393 2943 1457 2994 206²

375 3037 494 3100 cartha
516 3038 574 3099 hec
589 3038 791 3099 continente:
813 3037 917 3100 Pater
933 3056 1025 3101 meus
1039 3039 1144 3103 nichil
1158 3039 1223 3100 sibi
1237 3038 1363 3118 habuit,
1376 3048 1407 3097 25

374 3142 478 3205 nichil
500 3142 603 3203 michi
625 3141 727 3218 dedit,
750 3147 780 3203 et
801 3143 851 3204 sic
866 3141 1011 3223 depositi
1025 3148 1227 3206 manserunt
1242 3143 1277 3205 iu
1295 3143 1365 3205 illis

372 3245 552 3327 gradihus,
579 3264 660 3323 quos
685 3247 875 3309 habuerant
902 3248 1056 3310 uoudum
1084 3267 1104 3308 a
1130 3246 1238 3309 L‘eoue
1266 3249 1362 3310 ordi-

377 3350 460 3412 nati.
500 3347 565 3411 Iste
596 3347 769 3413 Johauues
803 3368 900 3430 papa
937 3369 1016 3414 cum
1048 3369 1153 3414 uuore
1183 3351 1363 3413 cuiusdam

375 3454 543 3516 oblectans
565 3471 587 3514 a
610 3454 752 3533 dyabolo
776 3455 812 3516 iu
835 3460 985 3535 tempore
1004 3457 1111 3517 coitus
1122 3455 1316 3536 percutitur
1335 3459 1365 3517 et

374 3558 449 3620 sine
470 3557 592 3620 viatico
616 3559 786 3621 dominico
810 3559 898 3622 obiit.
1376 3572 1409 3622 30

428 3846 460 3894 13.
486 3848 516 3891 B:
539 3850 633 3905 synode.
704 3860 736 3902 ¹4·
761 3847 841 3892 Recte:
865 3856 1004 3892 excusatum.
1078 3862 1116 3903 20,
1141 3862 1176 3895 21.
1200 3852 1228 3893 B:
1252 3848 1363 3894 Gestavit.

375 3932 411 3974 21,
440 3932 478 3963 22.
506 3918 595 3962 Codd.:
624 3917 766 3961 nominanda
793 3920 902 3974 synodus.
1005 3919 1043 3963 25.
1071 3919 1161 3964 Cotto:
1189 3919 1261 3963 Pater
1287 3921 1363 3965 nimis.

375 3994 414 4033 20.
430 3986 518 4032 codo:
533 3992 697 4037 mamertium
712 3995 784 4029 recte:
799 3993 962 4031 rennuerunt.

433 4147 451 4182 t.
465 4126 570 4180 Redulfi
584 4131 616 4179 de
629 4131 721 4179 Diceto
734 4144 759 4194 p.
773 4129 814 4196 89.
875 4145 901 4192 4.
914 4131 978 4186 lbid,
991 4146 1016 4196 p.
1035 4145 1092 4195 124.
1153 4135 1177 4184 8.
1191 4132 1255 4183 Ibid.
1269 4149 1295 4198 p.
1309 4135 1365 4198 137.

376 4217 470 4270 Recte:
489 4215 548 4268 855.
605 4231 642 4265 ιο.
656 4215 720 4266 lbid.
733 4230 793 4280 pag.
811 4231 865 4278 ¹4²·
880 4217 971 4267 Recte:
985 4220 1045 4284 9⁰3·
1101 4233 1139 4269 12.
1153 4219 1216 4271 tbid.
1230 4234 1291 4285 pag.
1308 4221 1364 4271 151.

376 4304 469 4356 Recte:
487 4301 548 4369 963.
567 4304 638 4353 Huss
658 4304 729 4354 23o·.
