3008 5026
726 374 896 424 JOHANNIS
915 373 1055 424 WYCLlF
1257 357 1342 441 [CAP.
1354 371 1395 415 lll.

400 530 506 595 Unde
529 530 688 595 notando
711 539 862 614 peccata
888 530 940 593 sic
968 530 1208 594 ordinanciurn
1237 541 1275 596 et
1298 531 1396 596 dicta

400 644 602 699 sanctorum
625 636 670 697 de
694 635 855 719 symonia
877 635 1040 718 episcopi
1071 635 1397 728 ordinantispauci

400 741 459 802 vel
482 739 567 803 nulli
590 739 709 802 forent
732 739 851 803 clerici
875 741 1047 823 aprelato
1066 759 1210 803 cesareo
1228 740 1394 805 ordinati.

401 845 488 907 Ideo
521 865 593 907 non
627 843 799 907 debemus
832 844 956 907 timere
989 845 1034 907 de
1057 844 1197 916 talibus,
1230 846 1315 908 dum
1340 865 1395 908 se·

402 950 556 1012 cundum
587 969 710 1032 puram
743 948 1000 1012 conscienciam
1025 949 1070 1011 de
1093 948 1196 1012 iustis
1220 949 1420 1032 operibus5

401 1056 634 1117 observamus
659 1053 818 1116 ordinem
842 1053 1047 1132 clericalem,
1076 1052 1159 1135 quia
1181 1062 1267 1117 tunc
1290 1053 1395 1117 Deus

402 1160 547 1242 supplet
565 1159 679 1222 vicem
704 1157 868 1241 episcopi
892 1165 929 1220 et
951 1157 1067 1221 omnia
1094 1178 1165 1242 que
1193 1166 1396 1241 sequuntur

401 1283 449 1325 ex
471 1263 549 1326 istis
573 1271 656 1326 sunt
675 1262 851 1345 intrepide
869 1262 1108 1339 concedenda,
1132 1270 1171 1326 ut
1187 1262 1396 1326 confessum

399 1367 435 1430 in
459 1367 560 1450 gravi
580 1365 585 1452 l
605 1366 805 1430 infirmitate
839 1367 882 1428 de
915 1376 1066 1449 peccato
1098 1387 1260 1451 proquo
1285 1368 1395 1432 sedes
1423 1375 1478 1441 239‘

401 1472 601 1553 apostolica
623 1471 719 1534 foret
740 1472 907 1553 petenda,
932 1472 1014 1533 dum
1039 1471 1213 1534 contritus
1231 1470 1342 1534 fuerit
1358 1479 1395 1534 et
1409 1494 1438 1528 10

400 1576 620 1640 satisfaciens
666 1575 922 1638 convalescens
960 1595 1032 1638 non
1075 1585 1222 1658 oportet
1265 1584 1394 1659 petere

400 1680 595 1744 Romanam
623 1680 753 1743 curiam
776 1681 835 1743 vel
859 1682 1034 1761 prelatum
1062 1700 1171 1763 supra
1193 1681 1394 1763 simplicem

401 1785 632 1851 sacerdotem.

194 1889 381 1949 ominationsy
443 1889 490 1952 Et
527 1888 653 1952 iterum
691 1887 890 1952 ordinatum
922 1909 989 1972 per
1020 1909 1127 1952 unum
1166 1889 1392 1953 sacerdotem

188 1942 386 2049 ”witham
400 1993 596 2076 simplicem
628 2013 697 2056 non
730 2001 877 2075 oportet
907 1993 1033 2057 timere
1072 1995 1117 2056 de
1149 1993 1391 2077 presbiteratu
1406 2008 1434 2058 15

223 2051 345 2090 suincicnt.
399 2099 458 2162 vel
492 2098 574 2161 alias
610 2097 774 2180 ordinari,
809 2099 892 2160 dum
925 2107 1042 2161 tamen
1073 2099 1141 2163 rite
1166 2098 1294 2161 fecerit
1317 2098 1392 2162 offi-

400 2203 491 2266 cium
524 2201 698 2279 clericale,
737 2201 822 2285 quia
853 2201 983 2265 sufficit
1015 2205 1174 2286 prudens
1204 2204 1392 2284 reputacio

400 2327 479 2370 cum
512 2306 675 2389 diligenti
698 2305 826 2368 officio
863 2306 964 2369 Deus
998 2306 1089 2369 enim
1121 2315 1205 2370 tunc
1233 2307 1393 2390 supplet,

400 2411 481 2494 quia
519 2411 619 2474 aliter
656 2409 806 2492 quilibet
837 2410 1015 2494 recipiens
1050 2419 1307 2475 sacramentum
1347 2412 1393 2474 de

400 2536 465 2580 suo
489 2515 676 2599 preposito
700 2513 895 2580 fluctuaret.
933 2514 1011 2578 Nec
1043 2516 1211 2579 convenit
1240 2517 1393 2601 aliquem
1404 2534 1435 2568 20

399 2640 605 2704 presumere
622 2620 717 2702 quod
732 2619 932 2682 immediate
947 2619 1077 2703 recipit
1096 2621 1255 2684 ordinem
1276 2641 1393 2686 sacer·

401 2725 554 2788 dotalem
588 2744 607 2786 a
633 2722 726 2806 Deo,
759 2723 852 2787 sicut
878 2723 1041 2789 fecerunt
1064 2724 1213 2808 Moyses
1245 2733 1284 2787 et
1307 2746 1392 2809 apo·

400 2828 491 2908 stoli,
524 2828 608 2891 licet
640 2827 791 2890 concedi
823 2829 963 2906 debeat,
997 2829 1095 2911 quod
1126 2828 1245 2892 taliter
1266 2837 1393 2912 potest

400 2953 489 3010 esse,
523 2933 604 3016 quia
636 2931 713 2995 sine
735 2932 962 2996 revelacione
985 2932 1036 2996 sic
1059 2953 1267 3016 presumere
1295 2932 1394 2997 foret

400 3037 553 3102 stulticia
584 3039 803 3117 scandalosa;
840 3058 924 3120 ymo
956 3037 1098 3102 videtur
1146 3040 1243 3121 quod
1281 3040 1433 3103 hom025

398 3142 523 3226 pocius
535 3151 720 3225 pateretur
729 3142 923 3225 symoniam
933 3142 1122 3225 prepositi,
1138 3143 1259 3207 dicens
1272 3152 1392 3208 tamen

400 3247 574 3313 ordinanti
604 3246 801 3330 periculum
834 3247 894 3330 qui
917 3247 967 3312 sic
991 3256 1166 3310 mercatur
1190 3267 1268 3310 curn
1291 3247 1393 3310 mini·

400 3352 509 3416 sterio
547 3351 765 3429 sacramenti,
804 3371 909 3433 quam
947 3360 1080 3415 temere
1119 3351 1318 3415 confideret
1355 3350 1393 3415 in

399 3456 597 3520 insensibili
619 3455 689 3519 Dei
713 3454 940 3519 ordinacione
964 3457 1095 3518 mundo
1121 3455 1334 3520 abscondita.

443 3561 484 3624 In
507 3560 584 3624 istis
608 3569 727 3623 tamen
750 3560 971 3624 illusionibus
995 3561 1213 3642 prelatorum
1239 3567 1392 3643 propter
1404 3574 1435 3625 30

399 3665 621 3730 manifestam
659 3676 696 3730 et
738 3685 926 3730 onerosam
969 3664 1228 3728 multitudinem
1270 3663 1391 3729 incon·

399 3769 622 3833 venientium
656 3779 800 3853 oportet
832 3769 984 3833 divinam
1006 3768 1181 3833 iusticiam
1207 3768 1306 3852 ipsas
1331 3770 1392 3832 de·

399 3882 525 3958 tegere
549 3882 585 3937 et
609 3894 750 3938 errores
772 3875 878 3938 modo
895 3874 1126 3938 absconditos
1142 3884 1306 3957 tempore
1323 3894 1391 3938 suo

400 3979 594 4043 destruere.
641 3979 752 4043 Modo
787 3977 878 4042 enim
903 3987 1069 4043 servatur
1093 3987 1132 4043 ut
1155 3978 1392 4064 evangelium,

451 4267 472 4305 4.
489 4255 511 4296 A
524 4252 548 4297 in
564 4265 649 4307 marg:
666 4253 841 4310 Cavesoveam.
898 4253 934 4307 34.
956 4255 972 4298 Β
987 4256 1010 4298 in
1026 4267 1113 4310 marga
1130 4256 1232 4299 Ordines
1252 4256 1392 4301 clericorum

398 4333 506 4376 qumque.
