3008 5026
145 390 214 435 cm.
236 372 297 460 m]
443 390 489 440 ns
510 384 720 440 eorssrnrs
740 383 837 434 enee.

143 550 232 615 meis
257 547 499 632 complicibus,
530 545 612 608 ideo
643 545 713 606 hoc
747 549 802 604 est
827 537 979 602 ecclesie
1003 534 1134 599 Christi

144 655 274 719 utilius.
310 653 416 718 Unde
454 651 597 714 miratur
633 648 785 712 mundus
824 643 1004 727 quomodo
1040 660 1134 724 papa

144 759 286 843 preficit
308 758 437 821 idiotas
460 756 543 820 artis
567 752 747 838 regiminis
766 748 956 834 spiritualis
978 747 1133 830 ignaros,

146 867 228 928 dum
252 864 310 926 vel
334 871 480 946 reputat
494 861 554 924 vel
575 867 744 942 reputare
768 857 900 920 debeat
927 852 1023 936 quod
1052 858 1135 914 sunt

120 969 181 1032 §in
205 969 328 1032 eadem
344 965 528 1050 provincia
544 964 643 1029 multi
658 964 738 1048 plus
753 960 890 1025 habiles
907 958 1017 1022 eciam
1034 975 1134 1020 sacre

145 1074 278 1157 pagine
301 1071 538 1156 professores
569 1071 634 1134 sed
658 1066 787 1132 divicie
811 1064 939 1149 quibus
966 1061 1135 1127 liniuntur

146 1177 300 1242 ecclesie
332 1185 415 1241 sunt
446 1174 586 1239 occasio
619 1175 713 1237 unde
745 1171 955 1253 franguntur
985 1169 1074 1232 fides
1099 1176 1135 1231 et

147 1283 336 1347 christiana
358 1280 496 1365 religio

190 1389 237 1451 Et
268 1395 369 1471 patet
400 1407 479 1449 cum
511 1382 681 1468 predictis
715 1381 878 1446 condicio
907 1377 1134 1453 Antichristi;

104 1493 225 1575 roipse
243 1491 334 1554 enim
351 1499 407 1555 est
423 1491 497 1553 dux
514 1489 781 1573 capitaneorum
801 1488 862 1570 qui
881 1493 1136 1569 procuratores

147 1617 214 1680 pro
247 1605 349 1678 parte
383 1594 528 1678 dyaboli
561 1593 734 1676 dissipant
771 1593 888 1674 legem
921 1588 1061 1668 Christi,
1100 1595 1137 1650 et

145 1703 228 1765 ideo
266 1719 390 1764 omnes
427 1700 554 1763 fideles
592 1699 727 1761 debent
765 1716 976 1779 expugnare
1010 1696 1136 1757 ducem

145 1806 355 1886 huiusmodi,
380 1825 457 1868 cum
480 1804 540 1868 ille
556 1803 617 1886 qui
632 1804 743 1866 debet
758 1822 838 1866 esse
856 1820 982 1864 servus
1000 1797 1136 1861 cunctis

147 1911 222 1974 aliis
254 1911 422 1975 illibertat
454 1928 516 1973 eos
550 1928 686 1993 cogens
729 1929 792 1972 eos
824 1906 987 1990 recipere
1012 1925 1137 1970 cocum

106 2016 276 2080 ismentis
310 2023 347 2078 et
378 2014 562 2092 medicum,
595 2014 655 2097 qui
686 2015 746 2077 vel
778 2032 849 2076 non
882 2020 980 2075 curat
1003 2011 1062 2074 vel
1091 2031 1138 2074 ex

147 2121 279 2184 inercia
300 2120 372 2184 Dei
405 2130 441 2184 et
465 2128 538 2183 arte
563 2118 708 2203 dyaboli
732 2121 792 2182 dat
814 2139 999 2182 venenum.
1037 2120 1138 2182 Deus

149 2225 241 2288 enim
273 2245 345 2288 non
376 2232 502 2307 potest
532 2244 725 2306 procurare
757 2244 797 2287 se
821 2243 902 2287 esse
927 2223 1138 2307 episcopum

148 2329 284 2413 populi,
307 2328 374 2392 nisi
391 2329 452 2412 qui
468 2329 634 2412 eligendo
644 2328 835 2392 Dominum
850 2330 928 2391 vult
943 2328 1012 2391 sibi
1028 2328 1138 2410 gratis

149 2434 271 2516 subici,
310 2434 374 2496 sed
411 2433 596 2496 blasfemia
618 2433 830 2497 Antichristi
873 2433 958 2496 facit
1001 2443 1137 2497 contra·

106 2562 139 2596 20
149 2538 247 2602 rium.

194 2643 250 2705 Ex
272 2642 351 2708 istis
374 2643 517 2707 videtur
539 2643 643 2726 sequi
665 2645 763 2727 quod
779 2664 799 2707 a
815 2663 1040 2728 quocumque
1059 2664 1138 2727 pre·

150 2748 270 2833 posito
295 2749 467 2831 spirituali
490 2750 628 2813 notorie
658 2749 849 2813 deficiente
872 2749 907 2813 in
931 2769 996 2812 suo
1018 2749 1137 2813 officio
1157 2770 1276 2883 ippynffim
1292 2771 1350 2827 any

150 2854 234 2917 licet
258 2853 436 2936 stipendia
464 2855 638 2918 mundana
667 2854 874 2918 subtrahere
907 2864 947 2917 ut
974 2853 1139 2932 decimas,

153 2957 361 3021 oblaciones
386 2967 422 3020 et
446 2959 529 3022 alias
554 2959 764 3023 elemozinas
788 2959 976 3042 speciales

110 3067 140 3118 25
196 3064 373 3126 Probatur
396 3063 462 3126 sic:
487 3061 676 3146 Stipendia
691 3084 763 3127 non
782 3065 909 3127 dantur
930 3064 995 3127 tali
1017 3063 1085 3127 nisi
1101 3071 1141 3126 ut

152 3166 223 3246 tali,
247 3168 329 3250 quia
352 3168 489 3232 scilicet
510 3168 594 3232 facit
611 3170 708 3252 quod
734 3169 907 3233 incumbit
928 3167 990 3232 tali
1014 3167 1142 3245 officio,

153 3273 218 3335 sed
241 3273 307 3335 hec
331 3292 436 3337 causa
459 3272 579 3337 deficit
610 3273 645 3336 in
674 3292 899 3356 quocumque
930 3272 1141 3344 huiusmodi,

153 3376 262 3459 igitur
295 3388 350 3443 est
382 3398 487 3443 causa
519 3398 742 3461 quecumque
775 3378 933 3442 medians
973 3381 1016 3441 ad
1048 3378 1141 3440 hunc

153 3480 268 3547 finem.
292 3480 353 3546 Illa
377 3482 468 3546 enim
493 3491 549 3546 est
571 3483 677 3560 racio,
710 3503 819 3566 quare
851 3482 1041 3546 ministrari
1071 3502 1143 3545 non

112 3595 143 3644 30
155 3586 265 3649 debet
299 3588 358 3650 tali
390 3587 587 3671 preposito,
621 3587 703 3670 quia
735 3587 835 3651 aliter
867 3587 1048 3650 subiectus
1076 3586 1143 3650 sibi

154 3689 415 3756 racionabiliter
438 3692 659 3756 ministraret.
689 3689 875 3756 Scrutetur
897 3691 1007 3775 igitur
1028 3690 1143 3755 fidelis

154 3796 331 3859 racionem
354 3797 434 3860 talis
457 3796 642 3861 ministerii
675 3807 712 3861 et
734 3797 873 3861 videbit
906 3797 1004 3880 quod
1033 3797 1145 3863 aliena

68 3906 127 3971 248⁶
157 3910 212 3963 est
244 3921 264 3964 a
294 3902 438 3965 racione
458 3900 463 3988 1
482 3902 562 3966 talis
604 3901 789 3985 prepositi,
823 3901 904 3985 quia
936 3910 975 3965 ut
1007 3901 1145 3984 capitur

155 4004 235 4069 talis
259 4007 379 4070 deficit
396 4028 415 4070 a
430 4008 573 4071 racione
589 4008 666 4071 veri
682 4007 866 4090 prepositi,
890 4016 927 4070 et
943 4008 1026 4070 dare
1044 4007 1144 4069 alteri

211 4225 240 4256 ιι.
257 4211 332 4256 Codd.
355 4214 378 4256 in
402 4225 488 4268 mnrg.:
507 4211 592 4257 Cocum
610 4215 652 4266 qui
669 4225 716 4257 non
733 4214 782 4256 vult
798 4225 899 4269 coquere
912 4213 950 4256 vel
967 4225 1076 4256 venenum
1089 4226 1145 4268 pro·

157 4288 225 4326 clarat
238 4283 353 4338 quomodo
367 4285 520 4327 communitas
533 4284 654 4338 reciperet.
711 4282 746 4327 23.
763 4283 839 4327 Codd.
854 4284 877 4327 iu
893 4295 980 4340 murga
1000 4284 1145 4339 Stipendium

155 4355 278 4410 denegare
291 4352 336 4396 tali
345 4352 444 4407 prelato.

1286 380 1343 440 351

1210 551 1279 606 Papa!

1162 604 1338 702 ‘llilllllilts

1174 2666 1229 2722 Any
1243 2663 1331 2719 pretate

1180 2717 1327 2773 notorioualy

1246 2834 1288 2866 ave
1303 2823 1339 2866 hir

1188 2874 1257 2918 umes
1272 2875 1317 2918 and

1202 2926 1300 2989 odering

1181 2980 1328 3024 wnndrnwn.
