3008 5026
174 375 214 434 92
718 372 892 422 Jonnnms
912 371 1052 422 wicus
1245 354 1331 438 [can
1346 366 1377 410 v.

206 545 244 588 mr
260 545 343 606 paens
390 527 426 590 in
450 537 578 591 statum
611 527 930 610 exproprietarium
955 526 1075 591 similis
1099 527 1206 591 statui
1233 536 1378 609 aposto·

183 597 374 705 oliil'h'lhy
390 632 503 694 lorum
526 633 584 694 vel
607 640 785 694 rectorum
807 630 844 695 in
868 631 1043 694 communi
1062 630 1263 694 vivencium
1286 650 1378 712 pure

226 713 257 745 ⁰⁰
270 701 338 746 ’,ω’
391 737 436 798 de
470 735 724 814 oblacionibus,
757 735 901 800 decimis
925 744 961 798 et
992 735 1140 818 privatis
1164 734 1378 812 elemosinis,

391 838 612 902 uniformitas
643 840 778 903 faceret
815 841 861 902 ad
899 840 1065 902 decorem
1099 837 1260 916 ecclesie,
1295 837 1378 921 quia

390 943 571 1026 pulchrius
595 942 789 1027 pulchriori
812 943 979 1024 additum,
1001 943 1085 1007 facit
1113 951 1226 1006 toturn
1249 955 1402 1027 aggre·5

391 1056 512 1130 gatum
550 1047 731 1129 pulchrius
768 1070 871 1131 quam
914 1056 1027 1110 totum
1062 1046 1176 1111 minus
1213 1048 1376 1130 pulcrum

388 1152 545 1215 additum
577 1152 691 1215 minus
723 1153 883 1236 pulchro.
920 1152 1026 1216 Unde
1048 1151 1157 1235 igitur
1183 1151 1377 1215 auctoritas

389 1256 555 1320 membris
566 1256 718 1320 ecclesie
734 1257 785 1321 sic
802 1257 1021 1342 strangulare
1033 1267 1157 1319 contra
1173 1258 1376 1340 exemplum

388 1360 447 1422 vel
484 1360 708 1423 autoritatem
732 1359 874 1423 Domini
918 1362 1048 1423 clerum
1082 1381 1191 1439 suum,
1229 1379 1308 1422 curn
1339 1359 1376 1422 in

388 1463 502 1525 veteri
533 1473 747 1527 testamento
781 1483 852 1526 non
883 1463 981 1526 licuit
1014 1482 1112 1526 arare
1133 1466 1137 1543 Ι
1157 1463 1192 1525 in
1215 1465 1312 1525 bove
1340 1471 1377 1525 et
1408 1471 1465 1525 183⁴

388 1568 488 1631 asino
519 1587 586 1630 nec
617 1567 714 1631 indui
738 1568 953 1632 vestimento
978 1587 1025 1629 ex
1055 1567 1135 1630 lana
1167 1577 1204 1630 et
1230 1566 1313 1647 lino,
1336 1575 1376 1630 ut

388 1679 489 1754 patet
524 1670 670 1735 Numeri
701 1671 776 1734 XII
814 1680 850 1734 et
886 1670 1136 1733 Deutronomii
1167 1670 1291 1733 XXII.
1336 1670 1376 1734 Si

388 1774 497 1856 igitur
519 1775 628 1839 levite
653 1784 690 1837 et
713 1776 920 1838 sacerdotes
935 1774 1027 1856 legis
1043 1773 1177 1837 veteris
1193 1783 1230 1837 et
1246 1773 1375 1837 Christi

390 1877 554 1960 discipuli
592 1878 760 1941 vixerunt
784 1878 1023 1958 conformiter,
1060 1898 1170 1960 quare
1212 1897 1284 1940 non
1324 1877 1375 1940 sic

389 1983 529 2045 viveret
575 1984 690 2046 clerus
724 1984 902 2065 sequens?
951 2003 1055 2064 quam
1100 1981 1375 2046 uniformitatem
1390 1996 1418 2047 15

210 2107 339 2164 Tnepope
389 2085 519 2149 Christi
563 2085 714 2150 vicarius
760 2087 870 2149 debet
914 2085 1083 2168 incipere,
1133 2094 1173 2149 ut
1217 2086 1375 2157 coraula;

183 2160 369 2268 miiidmiii'efh‘
389 2189 550 2254 Christus
583 2190 673 2254 enim
707 2191 773 2253 fuit
803 2192 909 2254 homo
932 2188 1178 2272 pauperrimus
1203 2189 1254 2253 sic
1278 2191 1376 2274 quod

387 2314 491 2357 nemo
523 2294 643 2376 potuit
666 2315 746 2358 esse
778 2293 979 2377 pauperior,
1008 2303 1047 2358 ut
1067 2293 1126 2357 hic
1149 2295 1375 2377 supponitur,

388 2398 566 2480 quomodo
590 2396 699 2480 igitur
721 2419 791 2461 non
817 2396 893 2461 eius
916 2418 1052 2480 sequax
1067 2396 1103 2460 in
1124 2397 1228 2461 terris
1244 2397 1374 2462 similli-

387 2524 475 2580 mus,
500 2523 577 2565 curn
601 2512 794 2585 paupertas
816 2503 874 2565 illa
897 2512 1002 2567 sonat
1023 2501 1288 2585 perfeccionem
1304 2505 1372 2566 vir·
1385 2529 1417 2563 20

388 2606 473 2670 tutis
488 2606 672 2672 viancium.
684 2606 784 2672 Sicut
797 2607 905 2689 igitur
921 2607 1231 2690 oportuitPetrum
1246 2606 1283 2671 in
1291 2608 1374 2690 fide,

386 2710 422 2773 in
436 2710 640 2782 humilitate,
650 2712 687 2774 in
699 2713 843 2774 caritate
861 2711 1067 2775 evidencius
1083 2710 1184 2794 sequi
1195 2709 1372 2775 Christum

388 2835 435 2877 ex
457 2814 561 2878 dictis
583 2815 619 2878 in
641 2815 712 2878 fine
735 2815 835 2878 tercii
859 2815 1013 2898 capituli,
1039 2814 1090 2878 sic
1114 2823 1259 2897 oportet
1274 2815 1372 2878 Petri

387 2917 553 2981 vicariurn
578 2918 679 3000 sequi
701 2919 826 3001 ipsum.
850 2917 924 2983 Sed
947 2939 1016 3001 que
1031 2918 1122 2982 fides
1142 2926 1199 2980 est
1212 2919 1372 3003 regulam

387 3021 632 3104 perfeccioniS,
669 3043 772 3104 quam
806 3021 966 3086 Christus
996 3021 1159 3101 instituit,
1197 3031 1266 3084 tarn
1299 3021 1413 3085 cit025

386 3135 537 3207 propter
559 3127 726 3188 mundum
743 3127 929 3189 deserere?
953 3126 1021 3189 Vel
1038 3145 1107 3209 que
1123 3125 1299 3188 humilitas
1315 3135 1373 3190 est

387 3229 462 3292 sine
500 3229 712 3291 auctoritate
752 3229 881 3293 Christi
923 3249 1030 3312 supra
1066 3228 1155 3293 alios
1193 3230 1371 3310 mortales,

387 3333 496 3395 eciam
529 3353 638 3415 supra
675 3334 962 3397 elemosinantem
1001 3333 1207 3397 seculariter
1238 3352 1278 3396 se
1311 3352 1371 3396 ex·

386 3438 535 3500 tollere?
559 3435 646 3498 Nam
663 3437 753 3500 libro
770 3437 822 3499 IV
838 3437 923 3501 dicit
938 3438 1166 3501 Bernhardus
1183 3438 1226 3499 ad
1240 3457 1370 3519 papam

385 3539 594 3622 Eugenium,
618 3549 657 3602 ut
688 3541 835 3604 recitavi
860 3542 1039 3624 superius:
1071 3542 1112 3604 In
1138 3542 1215 3623 hiis,
1245 3541 1371 3624 inquit,
1382 3556 1413 3608 30

385 3646 574 3709 successisti
591 3643 809 3709 Constantino
833 3665 899 3709 non
920 3645 1031 3710 Petro.
1055 3647 1101 3708 Et
1123 3647 1250 3708 beatus
1272 3645 1370 3724 Jero·

385 3749 507 3830 nimus,
530 3758 569 3811 ut
591 3749 776 3813 recitatum
801 3759 856 3813 est
878 3749 984 3813 XCII
1007 3749 1241 3813 distinccione
1269 3749 1370 3829 Olim,

387 3862 423 3915 et
433 3851 537 3916 XCV
553 3853 786 3918 distinccione
801 3853 906 3935 Absit,
930 3854 1015 3917 dicit
1038 3856 1135 3938 quod
1153 3855 1221 3918 tale
1242 3873 1366 3919 sacra-

439 4073 458 4118 5.
474 4073 562 4118 codd:
573 4076 678 4130 pulcras.
733 4075 753 4120 8.
769 4075 858 4119 Codd:
872 4076 1017 4133 irregulare.
1073 4075 1110 4120 28.
1125 4075 1198 4123 Cod.:
1212 4077 1330 4120 clientem.

439 4201 478 4252 30.
498 4201 562 4266 Cap.
582 4201 624 4252 ΙΙΙ.
643 4203 673 4254 V.
693 4219 717 4267 p.
737 4201 779 4268 87.
835 4205 875 4256 32.
896 4203 965 4253 Olim
985 4226 1017 4246 =
1037 4204 1100 4255 Dist.
1119 4203 1197 4265 XCV,
1216 4218 1271 4268 cap.
1291 4204 1322 4255 V.
1342 4204 1370 4254 ln

384 4286 556 4341 distinccione
573 4288 651 4345 Absit
669 4306 738 4359 quae
756 4305 834 4358 supra
853 4302 1033 4345 memoramur
1051 4308 1105 4345 non
1124 4293 1299 4348 inveniuntur.
