3008 5026
723 389 893 440 JOHANNJS
911 389 1053 440 wvcfflF
1251 371 1338 454 [cun.
1351 385 1392 429 xi.

397 546 569 627 principes
595 565 700 626 super
726 565 861 609 onlnem
885 550 1017 609 terrain
1023 565 1036 621 ;
1063 546 1112 608 eis
1137 550 1174 607 tu
1199 546 1394 608 successisti

399 650 435 711 in
457 650 694 723 hereditatenc;
720 650 770 712 ila
796 655 833 712 tu
854 650 951 712 lieres
973 654 1002 711 et
1024 649 1118 712 orbis
1139 649 1322 727 ltereditas,
1350 667 1394 711 ac

398 755 557 832 quamvls
578 754 636 816 lrec
652 754 774 835 porcio
796 758 827 815 te
842 754 1025 832 contingat,
1048 753 1086 814 id
1100 754 1217 816 sobria
1232 753 1391 816 conside-

398 857 539 919 racione
566 857 806 936 peusanduui,·
836 874 902 918 non
934 857 1026 918 enim
1058 874 1138 918 reor
1159 874 1226 937 per
1252 875 1392 919 omnem

400 960 552 1036 modum,
579 962 640 1023 sed
664 978 749 1023 sane
775 960 1039 1040 quadamteuns;
1071 959 1296 1041 dispensacio,
1316 957 1321 1043 Ι
1341 959 1392 1022 in·
1420 970 1477 1022 πε·

400 1061 487 1143 quit,
501 1081 607 1143 super
622 1064 721 1126 illum
738 1063 797 1124 tibi
812 1065 943 1126 credita
959 1068 1016 1141 est,
1032 1081 1099 1126 non
1115 1064 1200 1126 data
1210 1064 1393 1143 possessio.

398 1166 446 1229 Et
468 1174 554 1248 post
577 1165 716 1248 detegit
737 1166 901 1242 heresim,
925 1165 1245 1249 quaAntichristus
1267 1168 1394 1230 extollit

398 1289 434 1333 se
455 1288 562 1350 snper
583 1289 683 1333 onrne
714 1271 805 1350 quod
827 1271 955 1334 dicitnr
975 1270 1076 1334 Deus.
1101 1271 1138 1333 Si
1158 1272 1244 1350 quis,
1265 1269 1393 1352 inquit,

399 1379 547 1455 usurpat
567 1375 655 1437 hanc
672 1380 885 1455 potestatem,
908 1376 1110 1440 contradicit
1130 1375 1191 1448 illi,
1213 1376 1273 1455 qui
1294 1375 1395 1436 dicit:

399 1478 501 1541 Meus
522 1483 570 1541 est
592 1478 685 1541 orbis
707 1483 798 1541 terre
821 1483 851 1541 et
869 1479 1045 1558 plenitudo
1070 1480 1152 1541 eius.
1175 1477 1252 1541 Non
1272 1483 1309 1541 tn
1325 1479 1392 1547 ille,
1408 1501 1437 1539 ιο

398 1583 519 1662 dequo
530 1582 717 1664 propheta:
739 1580 782 1644 Et
797 1584 862 1645 erit
878 1584 993 1646 omnis
1006 1588 1103 1645 terra
1121 1584 1292 1663 possessio
1308 1583 1393 1645 eius.

402 1683 557 1750 Christus
578 1685 632 1747 lu'c
654 1690 711 1760 est,
738 1686 798 1765 qui
817 1687 1063 1766 possessionem
1091 1686 1159 1747 sibi
1184 1685 1340 1747 vendicat
1363 1691 1395 1748 et

399 1789 473 1851 inre
489 1788 679 1851 creacionis
693 1792 723 1850 et
737 1789 860 1851 merito
876 1789 1103 1852 rederncionis
1118 1793 1148 1850 et
1162 1789 1250 1850 dono
1265 1787 1394 1851 Patris.

402 1889 468 1957 Cui
490 1892 582 1954 enim
605 1891 708 1953 alteri
730 1891 860 1954 dictum
884 1896 946 1954 est:
968 1890 1109 1955 Postula
1132 1910 1155 1952 a
1177 1910 1232 1953 me
1255 1896 1285 1953 et
1303 1891 1395 1954 dabo

400 1995 460 2056 tibi
478 1998 604 2074 gentes,
626 1993 847 2057 hereditatem
868 1998 966 2056 tuane
982 1995 1266 2075 etpossessionem
1282 1998 1393 2075 tuam,
1408 2008 1436 2058 15

400 2098 565 2159 terminos
601 2101 701 2176 terre,
736 2097 987 2177 possessiouem
1019 2102 1049 2160 et
1080 2098 1277 2178 dominium,
1315 2099 1397 2161 cede

399 2200 487 2279 hnic,
511 2205 547 2262 lu
569 2217 692 2262 curam
717 2200 811 2262 illins
832 2199 925 2276 lrabe,
947 2217 1037 2280 pars
1059 2205 1120 2262 tua
1141 2202 1208 2277 ltec,
1231 2202 1327 2263 ultra
1350 2220 1393 2264 ne

401 2305 563 2367 extendas
590 2322 745 2367 inanum.
782 2303 829 2365 Et
857 2312 943 2385 post
965 2303 1076 2367 obicit
1107 2324 1173 2386 per
1194 2304 1264 2367 hoc
1294 2306 1393 2387 quod

401 2409 487 2471 idem
512 2414 560 2470 est
577 2426 716 2489 preesse
739 2412 769 2470 et
787 2409 976 2484 dominari,
1000 2408 1065 2470 sed
1079 2410 1148 2471 hoc
1167 2417 1288 2490 negat,
1312 2427 1393 2471 cum

400 2512 479 2574 bene
497 2516 622 2591 preest,
643 2511 703 2590 qui
719 2516 834 2591 preest
856 2511 892 2572 in
915 2512 1150 2586 sollicitudine,
1173 2513 1257 2574 oilla
1279 2513 1437 2576 eciansso

399 2616 546 2677 subiecta
571 2620 618 2677 est
641 2615 751 2677 villico
775 2619 806 2677 et
828 2615 990 2678 dominus
1010 2617 1179 2695 parvnlns
1200 2616 1393 2697 pedagogo.

399 2716 455 2780 ita
477 2723 507 2779 et
529 2723 574 2795 tn,
598 2719 714 2797 iuquit,
732 2719 857 2799 presis,
884 2723 921 2781 nt
939 2719 1136 2798 provideas,
1162 2722 1199 2780 nt
1220 2721 1392 2789 consulas,

400 2825 436 2882 ut
464 2838 631 2901 procures
662 2825 692 2884 et
723 2840 841 2897 serves,
868 2823 984 2902 presis
1005 2826 1042 2883 ut
1062 2822 1188 2902 prosis,
1216 2824 1333 2902 presis
1355 2827 1393 2884 nt

398 2924 521 3003 fidelis
542 2943 662 2987 serous
692 2930 722 2987 et
749 2926 916 3006 prudens,
948 2930 985 2987 ut
1011 2926 1072 2989 des
1093 2926 1250 2989 subiectis
1276 2944 1392 2989 escam

400 3029 436 3089 in
459 3033 622 3107 tempore,
643 3029 703 3090 lroc
725 3033 782 3108 est,
808 3034 845 3090 ut
867 3030 1050 3110 dispenses,
1078 3047 1143 3091 non
1166 3035 1203 3092 nt
1225 3029 1434 3110 isuperes;25

397 3131 459 3194 leoc
471 3131 539 3210 sac
561 3138 590 3194 et
613 3133 792 3195 dominari
807 3138 837 3195 te
853 3152 919 3195 nou
935 3133 1071 3215 affectes
1085 3134 1264 3196 hominum
1278 3135 1392 3214 leomo,

399 3241 517 3298 utnon
541 3238 737 3300 dominetur
758 3239 809 3299 tui
832 3238 1014 3300 iniustitia.

184 3337 389 3433 ³2Wd{,}{⁸,{{‘¹¹
443 3338 499 3400 Ex
530 3339 608 3403 istis
646 3341 752 3421 plane
785 3339 963 3422 colligitur
1000 3359 1126 3403 sensus
1164 3340 1392 3403 discernendi

196 3440 371 3547 pfjssssssiffl?
400 3443 623 3506 sacerdotem
655 3462 837 3507 cesareum
870 3464 890 3506 a
922 3443 1050 3507 Christi
1084 3443 1272 3526 discipulo,
1310 3464 1390 3508 nam

244 3543 330 3588 cuuss.
399 3565 565 3609 cesareus
601 3547 762 3611 innititur
799 3547 902 3611 titulo
927 3547 1068 3624 cesaris,
1107 3547 1390 3612 dominacionem
1403 3566 1437 3616 30

400 3647 552 3734 exigens
568 3658 607 3713 et
621 3653 829 3727 observans,
852 3670 894 3714 ac
916 3651 1073 3714 intentus
1096 3652 1334 3717 mundialibus
1350 3653 1392 3715 fit

400 3752 538 3816 exhinc
553 3753 590 3816 in
606 3754 726 3818 officio
744 3756 840 3837 quod
856 3755 1015 3819 Christus
1029 3754 1183 3820 instituit
1200 3756 1392 3839 negligens

454 3955 475 4000 8.
503 3956 577 4001 Codd.
606 3958 629 4000 in
659 3970 746 4012 murga
788 3958 927 4002 Dominacto
956 3970 1018 4013 pape
1061 3959 1211 4004 interdicitur
1241 3962 1392 4006 universalis.

402 4039 435 4081 ια,
453 4025 485 4071 ι3.
501 4032 523 4069 et
537 4027 603 4077 ium
616 4027 699 4071 codd.:
716 4039 789 4082 opere
802 4029 929 4071 creationis
943 4030 1034 4072 inclito.
1090 4029 1115 4074 13
1139 4029 1231 4082 Patris,·
1249 4032 1333 4075 coti:
1346 4045 1392 4088 po·

398 4097 496 4141 testulis.
553 4096 588 4141 28.
606 4097 631 4140 u.
647 4098 669 4140 in
686 4109 772 4151 marga
789 4097 874 4141 Omnes
889 4110 952 4153 pape
967 4105 1023 4154 post
1039 4098 1187 4143 dotationem
1205 4114 1224 4144 e.
1241 4113 1261 4144 ν.
1280 4101 1393 4146 dicuntur

399 4167 492 4211 cesarei
503 4167 646 4210 sacerdotes.
664 4166 717 4210 Rec.
734 4179 796 4210 man.

456 4308 493 4343 10.
513 4292 555 4342 Ps.
575 4292 663 4355 XLIX,
682 4305 719 4344 11.
796 4308 832 4344 ιι.
852 4294 895 4345 Ps.
915 4294 977 4354 Cili,
998 4309 1038 4359 27.
1114 4297 1212 4358 14.Ps.
1233 4295 1306 4361 11‚8.
