3008 5026
341 366 511 418 JOHANle
529 366 671 418 wvcun·
836 349 919 438 [eno.
934 362 998 408 vm.

48 523 198 602 Decimo,
231 542 323 587 anno
350 524 484 587 domiui
510 522 706 587 MLXVIII
730 524 838 587 Rome
867 525 999 588 duobus

4 630 47 692 de
60 634 196 711 papatu
219 629 490 693 contendentibus
504 627 699 692 Alexander
708 647 786 693 cum
795 647 898 693 suam
910 648 996 711 pur-

6 737 117 806 asset
139 734 374 797 innocencium
402 735 444 795 de
462 734 621 814 symonia
640 734 818 816 recipitur,
844 732 998 800 Cadalus

4 837 205 902 Parmensis
234 840 412 920 episcopus
434 839 650 920 reprobatur,
680 841 771 903 uude
798 840 998 902 dictumest

51 955 205 1024 Cadalus
220 962 255 1022 in
272 960 406 1022 Parma
421 960 550 1024 Parme
563 958 638 1040 suit
658 978 764 1025 arcus
785 964 815 1024 et
837 978 953 1023 arma.
1010 985 1023 1036 5

49 1060 202 1128 Cadalus
224 1065 387 1145 occubuit,
410 1063 548 1128 Parma
572 1065 678 1127 ruina
691 1064 776 1145 snit.

51 1185 245 1269 Undecimo,
277 1205 368 1250 auno
396 1188 531 1251 domini
558 1184 794 1250 MLXXXIII
824 1186 997 1250 Henricus

2 1292 121 1354 urbem
149 1290 256 1355 Rome
289 1291 430 1373 infregit
457 1296 486 1354 et
514 1290 709 1371 Wybertum
737 1291 773 1353 in
800 1291 878 1355 sede
910 1309 996 1372 apo-

2 1397 121 1460 stolica
153 1395 331 1473 constituit,
369 1395 629 1458 Hildebrandus
661 1413 739 1458 vero
771 1393 997 1458 Beneventum

4 1501 101 1578 adiit,
125 1501 183 1562 ubi
205 1502 381 1579 usquead
403 1500 531 1562 obitum
554 1517 659 1562 suum
682 1499 807 1581 deguit.
1012 1541 1042 1574 ,ο

47 1603 266 1684 Duodecimo,
298 1623 389 1667 anuo
419 1603 553 1666 domini
579 1602 829 1667 MLXXXVII
855 1602 996 1666 Deside-

2 1709 89 1790 rius,
120 1709 179 1789 qni
209 1713 239 1770 et
284 1708 402 1785 Victor,
430 1727 529 1790 papa
560 1713 679 1771 contra
714 1705 917 1772 Clementem
950 1712 998 1770 est

2 1809 132 1891 sactus.

46 1915 187 1980 Decimo
211 1916 324 1996 tercio,
347 1933 438 1978 anuo
458 1914 593 1978 domini
612 1912 739 1980 MXCI
749 1912 869 1994 fertur
882 1913 998 1994 fuisse

3 2021 98 2102 duos,
130 2022 189 2101 qui
219 2021 418 2084 dicebantur
443 2019 595 2082 Romani
622 2018 801 2101 pontifices
828 2038 851 2081 a
877 2038 913 2082 se
940 2019 995 2080 in·
1011 2030 1039 2080 15

3 2125 110 2189 vicem
140 2125 375 2188 discordantes
405 2129 435 2187 et
466 2124 642 2187 ecclesiam
666 2122 732 2186 Dei
762 2123 851 2186 iuter
877 2142 913 2186 se
939 2124 996 2184 di-

3 2229 115 2292 visam
152 2229 330 2307 trahentes,
372 2226 531 2290 Urbanus
566 2227 701 2308 scilicet,
744 2227 803 2306 qui
836 2227 996 2308 primum

6 2330 131 2412 fuerat
146 2333 323 2414 episcopus
342 2329 515 2408 Ostiensis,
531 2335 561 2394 et
579 2327 736 2395 Clemens
750 2330 809 2411 qui
825 2326 998 2409 Wybertus

4 2436 278 2518 archiepiscopus
292 2434 507 2499 Ravenensis.
525 2433 596 2516 Que
609 2453 665 2498 res
675 2453 741 2516 per
753 2436 872 2516 plures
888 2451 998 2496 annos

3 2541 177 2604 ecclesiam
193 2539 316 2621 Anglie
336 2540 372 2602 in
395 2543 528 2602 tautum
551 2539 738 2620 occupavit,
760 2538 850 2619 quod
873 2558 912 2601 ex
932 2555 1042 2617 quo20

7 2641 204 2726 Gregorius,
220 2644 279 2725 qui
294 2643 603 2725 etHildebraudus,
620 2642 799 2723 defunctus
800 2642 887 2723 suit,
909 2642 998 2704 nulli

3 2750 74 2811 loco
101 2769 195 2831 pape
225 2748 403 2829 usquead
428 2748 489 2812 hoc
514 2753 649 2829 tempus
674 2747 777 2811 subdi
801 2752 831 2811 et
862 2745 998 2810 obedire

4 2853 155 2917 voluerit.

48 2957 189 3022 Decimo
204 2962 337 3039 quarto,
353 2976 443 3021 anuo
459 2958 593 3020 domini
607 2954 788 3021 MCXXX
798 2954 995 3019 Innocencio

12 3082 98 3145 apa
124 3068 260 3144 regente
288 3065 443 3127 intrusus
471 3071 518 3126 est
540 3062 663 3125 Petrus
684 3060 809 3124 Leonis
836 3065 866 3123 et
888 3060 1039 3126 dictus25

5 3172 52 3231 est
73 3166 265 3245 Auacletus,
292 3167 351 3247 qui
376 3179 493 3247 regem
520 3164 695 3247 Rogerum
724 3162 847 3245 Sycilie
878 3181 995 3227 couse-

4 3273 122 3354 cravit,
144 3274 204 3335 sed
219 3272 440 3336 luuoceucius
451 3290 548 3353 papo
567 3270 727 3334 transivit
747 3270 782 3331 iu
799 3267 997 3344 Franciam,

5 3377 95 3440 uude
116 3377 258 3441 dicitur:

47 3497 196 3561 Romam
219 3497 341 3561 Petrus
362 3497 466 3575 habet,
488 3501 595 3560 totum
622 3491 811 3575 Gregorius
833 3494 957 3557 orbem.

49 3619 188 3683 Decimo
211 3619 336 3700 quinto,
360 3638 451 3683 anuo
474 3618 608 3681 domiui
627 3614 784 3682 MCLIX
801 3615 891 3677 rexit
912 3613 995 3677 Ale·
1008 3636 1040 3686 30

4 3724 139 3787 rander
161 3742 269 3805 papa,
296 3729 416 3786 contra
437 3741 535 3803 quem
564 3720 771 3785 Octauianus
798 3720 996 3794 intruditur,

5 3829 65 3891 sed
86 3829 122 3889 iu
145 3829 304 3891 scismate
327 3828 485 3904 moritur,
513 3832 542 3889 et
565 3827 615 3888 sic
640 3821 752 3888 Guido
778 3820 994 3906 Cremensisl

5 3931 65 3995 sed
86 3930 259 3994 Jolraunes
281 3932 436 3994 intrusus
457 3930 707 3994 reconciliatur.
1031 3936 1098 3998 207⁸

60 4146 92 4192 ¹9·
109 4134 181 4179 Cod.:
193 4135 323 4191 populares
336 4146 421 4179 anuos.

62 4258 83 4294 1.
101 4237 206 4291 Radulfi
225 4241 258 4291 de
277 4242 367 4291 Diceto
389 4257 414 4306 p.
436 4255 494 4291 200.
566 4255 590 4304 7.
609 4239 673 4290 lbid.
695 4254 721 4304 p.
742 4252 799 4289 211.
875 4252 912 4290 11.
930 4238 996 4289 lbid.

7 4346 30 4396 p.
52 4328 110 4378 216.
183 4343 224 4391 24.
244 4329 307 4378 lbid.
330 4344 353 4394 p.
375 4327 432 4393 246.
500 4330 540 4379 30.
560 4328 624 4378 lbid.
644 4342 668 4392 p.
690 4327 747 4378 303.
768 4327 847 4394 Huss,
868 4321 938 4379 230⁵.
