3008 5026
687 368 857 418 JOHANNIS
877 367 1016 418 wicun
1193 350 1275 430 [ω.
1290 364 1354 409 vm.

365 529 433 592 onii
456 534 485 590 et
506 545 630 608 corpus
653 533 682 589 ei
697 531 799 608 copul
814 532 958 589 conatur
973 527 1132 589 occidere.
1158 525 1244 589 Cum
1261 524 1354 587 enim

363 653 436 696 non
460 633 507 695 sit
523 631 798 695 communicacio
816 630 944 694 Christi
968 631 1011 693 ad
1028 631 1150 710 Belial,
1175 631 1355 712 quomodo

364 736 504 802 Christo
528 746 598 800 tam
622 734 819 799 contrarius
841 735 877 798 in
899 735 973 798 vita
996 744 1032 797 et
1050 733 1209 797 moribus
1225 733 1292 797 erit
1309 754 1356 796 ex

365 841 441 906 eius
464 841 651 925 participio
668 849 775 923 caput
791 840 966 903 ecclesie?
992 839 1209 914 Erubescnni,
1231 838 1355 922 inquit,

366 960 493 1029 negare
517 945 702 1028 Christum,
724 948 787 1008 hoc
807 952 922 1009 tomen
947 945 1062 1008 mains
1085 950 1140 1022 est,
1163 963 1240 1007 eum
1252 943 1379 1010 Chri-5

364 1057 454 1115 sium
470 1053 699 1115 nonvidimns
720 1053 781 1114 sed
795 1052 977 1132 credimus,
1002 1050 1104 1113 verbo
1124 1055 1238 1114 antem
1262 1053 1357 1114 illins

365 1158 538 1220 nobiscnm
551 1161 638 1228 sunl,
657 1157 690 1218 in
709 1157 828 1238 quibus
837 1157 953 1238 ipsum
965 1168 1140 1237 negamus
1156 1165 1357 1237 comparate

365 1263 477 1343 itaque
499 1283 558 1326 nos
580 1263 705 1341 Iudeis,
730 1263 783 1325 iili
804 1267 1078 1344 contempserunt
1095 1265 1298 1343 pendentem
1319 1265 1356 1325 in

364 1369 467 1449 ligno,
491 1388 549 1431 vos
570 1369 805 1450 contempnitis
826 1369 994 1432 sedentem
1019 1369 1055 1430 in
1078 1370 1127 1431 cel
1148 1415 1156 1430 .

171 1463 337 1573 ffssgyiffl'ffff
409 1472 456 1534 Et
482 1493 528 1535 ne
556 1473 720 1556 pallietur
742 1472 845 1536 huius
869 1472 1077 1555 negacionis
1099 1473 1258 1557 negociO,
1287 1494 1400 1556 quero

200 1574 224 1617 ῑῃ
239 1573 305 1620 ⁶⁶²⁶·
366 1574 550 1659 potissime
575 1577 740 1640 consistit
761 1577 795 1639 in
812 1577 917 1654 facto,
941 1579 1162 1641 attendamus
1178 1581 1358 1660 quomodo

366 1680 572 1763 superiores
610 1690 759 1763 satrape,
798 1681 927 1764 quibus
964 1690 1153 1763 regeretur
1195 1683 1358 1759 ecclesia,

365 1784 597 1848 honorificum
638 1794 802 1867 reputant
839 1786 957 1867 legem
990 1784 1122 1849 Christi
1158 1786 1357 1869 ignorando

368 1898 620 1972 contempnere
654 1909 717 1953 eos
741 1891 801 1973 qui
825 1890 884 1972 pie
905 1892 1032 1952 volunt
1047 1889 1181 1972 vivere,
1207 1900 1243 1955 et
1266 1893 1359 1974 peri-

367 1995 446 2056 cula
469 2014 601 2064 eorum,
626 1995 718 2058 sicut
746 1994 879 2057 debent
904 2015 951 2058 ex
968 1994 1163 2057 Ezechielis
1187 1996 1358 2060 XXXIV
1373 2006 1400 2055 15

367 2099 549 2180 detegere,
575 2098 733 2162 nituntur
757 2099 956 2162 omnimode
982 2099 1159 2178 tribulare,
1178 2110 1217 2163 ut
1240 2112 1358 2165 osten·

367 2203 418 2265 dit
451 2203 674 2286 Augustinus
707 2205 742 2267 in
774 2205 831 2267 De
853 2203 986 2267 Verbis
1014 2205 1159 2268 Domini
1187 2205 1358 2270 Sermone

366 2307 584 2371 LXXXIX:
613 2308 782 2392 Quisquis,
810 2308 935 2391 inquit,
964 2329 1018 2372 me
1045 2310 1158 2386 andis,
1185 2311 1298 2393 incipe
1323 2313 1357 2374 in

369 2411 501 2478 Christo
525 2414 644 2495 vivere,
674 2420 703 2476 et
726 2415 891 2496 probabis
918 2416 1007 2496 qnod
1028 2415 1113 2485 dico,
1142 2434 1225 2477 narn
1249 2421 1359 2478 celero

364 2518 531 2598 periculo,
565 2521 606 2580 de
636 2520 754 2598 quibus
786 2518 979 2601 Apostolus,
1014 2524 1159 2599 possunt
1180 2521 1360 2600 quiescere,
1372 2543 1404 2576 πο

363 2623 521 2702 pericula
544 2629 658 2686 antem
682 2625 716 2685 in
732 2623 842 2703 falsis
857 2623 1037 2703 frutribus
1060 2642 1163 2704 nsque
1186 2625 1359 2704 adfinem

367 2728 472 2789 seculi
495 2729 664 2809 quiescere
691 2746 757 2790 non
781 2734 952 2791 noverunt.
991 2728 1037 2791 Et
1062 2727 1231 2810 intelligit
1254 2729 1360 2792 modo

368 2830 537 2912 Apostoli
547 2853 613 2914 per
622 2832 731 2896 falsos
747 2833 876 2895 fratres
892 2833 1107 2916 generaliter
1115 2853 1360 2916 quoscumque

367 2935 479 2998 falsos
516 2938 658 3000 nomine
697 2938 914 3002 christianos.
960 2937 1192 3001 Redimamus
1235 2938 1358 3021 itaque

368 3050 520 3124 tempus,
544 3052 711 3125 quantum
737 3044 813 3107 dies
836 3043 916 3106 mali
939 3053 1032 3124 sunt,
1055 3044 1116 3105 hoe
1135 3048 1193 3119 esi,
1215 3037 1404 3125 inquiulrs

367 3151 501 3227 ternpus
527 3149 704 3227 redimere,
732 3151 867 3229 quondo
896 3150 1022 3229 uliquis
1049 3148 1153 3228 inferi
1179 3150 1240 3211 tibi
1265 3151 1361 3214 litem
1391 3163 1452 3224 209·

363 3254 509 3333 perdere
540 3255 782 3330 substanciam,
822 3259 856 3315 ni
888 3254 958 3317 Deo
993 3273 1099 3334 noces,
1138 3273 1204 3316 non
1236 3256 1359 3320 litibus.

369 3354 468 3436 Quia,
499 3356 649 3438 inquam,
683 3357 887 3440 superiores
916 3358 1069 3421 ecclesie
1098 3358 1199 3421 iactis
1227 3368 1361 3439 negant

367 3461 457 3523 hanc
480 3463 608 3542 legem,
636 3482 737 3543 quam
764 3462 909 3524 Chrisus
936 3463 973 3525 in
996 3482 1082 3525 vase
1106 3483 1171 3525 suo
1195 3463 1360 3545 loquitur,

368 3566 450 3628 ideo
483 3565 599 3627 statim
632 3566 854 3629 multitudine
882 3576 1148 3648 persequuntur
1177 3586 1266 3648 eum,
1301 3568 1361 3650 qui
1373 3577 1405 3626 30

368 3669 490 3732 nititur
513 3669 596 3732 dare
619 3669 724 3733 fidem
747 3670 783 3733 in
806 3672 949 3753 popu10,
974 3672 1070 3752 quod
1090 3671 1160 3753 ipsi
1178 3670 1271 3734 dicte
1287 3672 1361 3753 legi

369 3775 522 3856 apostoli
554 3774 726 3857 precipue
759 3785 840 3838 sunt
879 3776 1028 3854 astricti;
1070 3786 1106 3838 et
1138 3776 1188 3839 sic
1222 3776 1291 3859 ipsi
1324 3786 1361 3839 et

368 3879 467 3942 multi
499 3899 563 3961 per
586 3880 681 3963 ipsos
705 3881 860 3963 perdunt
886 3897 1025 3964 tempus
1053 3890 1203 3964 propter
1224 3883 1360 3944 lucrum

420 4136 442 4175 4.
463 4122 503 4165 ΑΒ
523 4122 545 4165 in
566 4135 653 4176 muru:
673 4122 804 4166 Periculum
816 4121 937 4179 falsorum
949 4123 1068 4178 fratrom.
1125 4135 1162 4177 24.
1178 4123 1217 4166 ΑΒ
1233 4124 1255 4168 in
1272 4136 1360 4179 mnrg.:

369 4190 491 4234 Redimere
503 4196 592 4246 tempus
605 4192 662 4246 qnid
675 4197 715 4236 eu.
772 4193 807 4237 28.
825 4193 854 4236 B:
869 4193 965 4236 ecclesie
979 4193 1049 4236 deest.

426 4318 462 4368 18.
482 4318 545 4369 rud.
566 4335 589 4383 p⁴
610 4317 698 4385 80ss4.
