3008 5026
650 375 818 426 tonsurus
837 375 977 426 wrcen
1162 355 1245 444 [cm.
1264 371 1305 415 ιν.

316 529 352 592 ἰη
375 529 594 594 beatitudine
619 552 723 613 quam
746 531 952 610 Johannem.
984 531 1069 605 Non,
1095 531 1210 613 inquit
1231 531 1305 594 Au·

316 635 491 717 gostinus,
520 642 686 717 quantum
714 639 756 699 ab
784 638 1017 716 alioquolibet
1042 635 1198 700 Christus
1223 639 1305 698 dili-

312 741 409 821 gitur
440 741 528 802 scirc
555 746 701 821 poterut,
732 742 791 823 qni
823 759 881 804 cor
914 742 1058 804 ulterius
1092 742 1206 803 videre
1237 759 1306 802 non

312 849 457 924 poterat,
474 849 504 906 ct
519 845 592 907 ideo
603 846 794 927 prudenter
808 864 875 907 non
892 846 973 908 dicit
988 844 1130 909 Petrus:
1148 842 1304 920 Domine,

319 946 367 1010 Tu
389 949 466 1028 scir,
489 949 570 1028 quia
587 969 667 1012 omo
682 956 712 1012 tc
717 950 800 1031 ptos
814 949 881 1012 hiis
895 950 955 1012 sed
969 950 1132 1012 asseruit:
1147 948 1305 1022 Domine,
1318 955 1330 1005 5

315 1053 433 1134 inquit,
470 1051 516 1114 Tu
539 1056 616 1132 scis,
644 1056 724 1135 quio
757 1073 837 1117 orrro
860 1059 907 1130 tc;
937 1055 1116 1116 caritatem
1139 1054 1252 1136 itaque
1275 1056 1307 1114 ct

315 1157 407 1219 alias
428 1158 570 1220 virtutes
592 1158 715 1221 Petrus
736 1157 853 1220 habuit
880 1158 915 1219 in
939 1159 996 1220 oio
1023 1157 1210 1220 secumdum
1234 1156 1304 1217 oli-

315 1279 420 1342 quam
452 1262 627 1324 racionem
660 1262 778 1324 ceteris
805 1262 969 1342 apostolis
991 1263 1073 1342 ptus
1090 1259 1273 1342 perfectas.
1300 1257 1303 1343 l

490 1578 810 1673 CAPITULUM
841 1576 1132 1672 QUARTUM.

150 1824 245 1885 ‚cerens
360 1791 559 1875 Supposito
575 1793 673 1875 quod
686 1794 814 1855 beatus
829 1793 958 1855 Petrus
973 1792 1098 1855 habuit
1117 1792 1305 1875 primatum
1338 1804 1398 1871 176·

119 1887 288 1972 {ihnissffiivig
316 1897 409 1961 inter
432 1899 620 1979 apostolos
641 1899 684 1960 ad
707 1898 916 1978 regendum,
940 1897 1091 1959 arbitror
1113 1897 1210 1979 quod
1234 1915 1306 1958 non

107 1980 141 2022 *¹⁵⁵
156 1992 298 2026 ‘¹¹⁰⁰‘⁸⁵⁰s⁸·
318 2004 430 2065 solum
449 2001 587 2084 accepit
601 2001 787 2084 primatum
809 2022 875 2085 pro
900 2020 939 2064 se
963 2001 1041 2083 ipso
1065 2002 1129 2064 sed
1145 2020 1211 2082 pro
1229 2000 1307 2064 eius

317 2106 456 2169 vicariis
481 2106 757 2169 succedentibus
780 2105 815 2168 in
839 2105 992 2169 ecclesia
1010 2104 1192 2168 militante.
1217 2102 1305 2167 Cum

318 2211 408 2273 enim
420 2211 581 2274 Christus
597 2231 669 2274 non
684 2219 809 2294 potest
825 2210 1010 2273 ecclesiam
1028 2229 1125 2272 suam
1138 2211 1305 2272 deserere

318 2325 355 2378 et
396 2324 562 2398 oporteat
602 2315 714 2398 ipsam
757 2315 962 2378 militantem
1005 2323 1090 2397 post
1128 2312 1304 2377 Christum
1320 2327 1348 2378 ι5

317 2419 514 2502 exemplari
536 2422 580 2482 ab
609 2420 762 2483 ecclesia
785 2420 990 2501 apostolica,
1024 2420 1224 2481 mandatum
1248 2426 1306 2482 est

316 2526 422 2606 quod,
447 2524 539 2587 sicut
555 2523 714 2587 Christus
737 2523 805 2586 fuit
820 2525 1026 2606 capitaneus
1044 2532 1145 2587 cetus
1161 2530 1304 2606 aposto·

314 2628 374 2691 lici
405 2636 441 2691 et
472 2635 557 2710 post
588 2628 704 2710 ipsum
727 2628 867 2709 Petrus,
892 2628 943 2691 sic
966 2636 1112 2710 oportet
1136 2627 1304 2690 continue

316 2751 396 2796 esse
422 2732 641 2813 capitaneum
664 2733 700 2795 in
725 2733 877 2795 ecclesia
899 2732 1078 2795 militante.
1110 2731 1185 2796 Sed
1209 2738 1303 2793 ante·

315 2857 419 2919 quam
459 2835 674 2899 discuciatur
711 2844 827 2899 utrum
866 2844 1033 2919 oporteat
1071 2835 1187 2918 ipsum
1222 2855 1303 2901 esse
1317 2863 1348 2897 ιο

152 2969 256 3013 wratis
313 2942 514 3004 Romanum
538 2941 743 3022 pontificem
767 2941 1015 3021 necessarium,
1047 2940 1198 3003 arbitror
1224 2961 1303 3024 pre·

118 3023 279 3119 ρξῖἳῗὲξῗῑςῖἷ
315 3064 538 3128 cognoscere
566 3046 698 3126 aliquas
727 3047 927 3109 sentencias
954 3045 1219 3129 premittendas.
1256 3045 1304 3108 Et

132 3126 273 3223 3¹¹„er22ss
314 3149 435 3231 primo,
469 3150 608 3231 qualem
641 3157 787 3230 oportet
820 3170 900 3213 esse
933 3149 1030 3212 beati
1062 3149 1160 3212 Petri
1192 3151 1303 3213 archi·

167 3230 232 3273 Μ’
314 3254 482 3316 vicarium
507 3262 543 3315 et
569 3273 636 3336 per
659 3254 743 3335 quid
768 3254 994 3318 constituitur
1017 3253 1117 3317 Petri
1140 3254 1302 3318 vicarius.

313 3356 390 3421 Nec
423 3359 532 3420 debet
568 3358 665 3420 fideli
701 3359 793 3421 verti
830 3359 866 3421 in
904 3358 1047 3422 dubium
1086 3359 1173 3441 quin
1210 3359 1344 3422 sicut25

313 3461 442 3526 Petrus
466 3462 617 3525 exhinc
640 3483 706 3545 per
726 3483 765 3526 se
789 3462 856 3526 fuit
872 3463 1001 3528 Christi
1017 3463 1179 3545 vicarius,
1204 3464 1302 3545 quod

313 3566 519 3649 magistrum
552 3587 651 3630 suum
685 3568 803 3650 quoad
832 3577 931 3631 actus
955 3576 992 3630 et
1014 3588 1132 3631 mores
1156 3575 1302 3631 secutus

312 3671 379 3734 fuit
402 3671 557 3749 similius,
590 3672 640 3735 sic
666 3680 810 3755 oportet
832 3671 932 3735 Petri
955 3673 1121 3735 vicarium
1155 3672 1301 3736 similius

314 3777 498 3859 sequendo
530 3776 677 3840 Petrum
710 3779 756 3840 de
780 3797 933 3860 corpore
957 3777 1108 3841 ecclesie
1137 3776 1300 3840 derivari.

363 4048 385 4092 9.
401 4034 562 4090 reinmarus
578 4034 710 4091 Capitulum
724 4045 768 4087 4³·-
824 4034 856 4079 18.
869 4035 980 4090 post,·B:
996 4040 1090 4091 oportet
1104 4048 1158 4079 erre.
1215 4047 1253 4079 ua.
1269 4035 1300 4079 B:

309 4104 485 4162 permittendas.
540 4105 574 4148 25.
597 4104 614 4147 B
634 4105 657 4148 in
673 4116 760 4159 marga
782 4103 863 4159 Qualis
882 4104 949 4148 debet
965 4117 1015 4148 esre
1032 4105 1204 4149 accionarius
1220 4105 1299 4157 Petrr',·

311 4177 333 4217 Α
347 4175 370 4218 in
386 4186 471 4230 murga
491 4172 595 4218 Vicarr'uu
609 4174 675 4217 Petri
683 4185 728 4229 per
743 4173 801 4228 quid
814 4175 979 4217 constituntur.

368 4317 387 4350 1.
409 4301 522 4367 lroosely
542 4301 649 4365 quoted.
