3008 5026
118 376 187 421 car.
204 360 246 450 x.]
419 380 463 431 os
483 380 694 431 rorrsrnrr
713 380 811 431 rapu.

117 536 247 600 iective
271 537 305 599 in
330 536 466 620 spiritu.
495 537 636 600 videtur
659 540 756 619 quod
786 547 903 600 manet
926 545 1104 620 perpetuo

117 651 156 704 ut
189 651 361 721 caracter3
402 651 439 705 et
472 641 522 705 sic
556 643 766 706 haberemus
799 641 970 724 plurimos
993 660 1106 724 papas

118 746 229 821 simul,
263 756 299 811 et
331 747 381 809 sic
415 766 508 829 pape
540 747 701 809 moderni
722 747 915 809 redderent
942 765 981 808 se
1005 746 1106 810 nimis

119 849 415 933 dampnabiliores
439 870 486 913 ex
510 851 588 912 ocio
612 850 817 932 potestatis;
844 869 922 912 cum
943 849 1045 925 enirn,
1069 859 1108 913 ut
1139 861 1202 957 Wgr
1217 862 1247 905 ao
1262 868 1301 905 ¹¹0¹

94 954 289 1036 §inquiunt
313 956 448 1017 habent
470 963 600 1018 tantam
625 962 841 1038 potestatem
862 963 900 1016 ut
915 953 1046 1017 Petrus
1071 964 1107 1018 et
1118 925 1325 1064 εῗῗοὶιεῑῇἷὲιὲἶὲἷτ

119 1059 250 1122 Paulus
273 1058 385 1135 simul,
410 1079 492 1142 ymo
516 1068 556 1122 ut
578 1059 704 1122 Ihesus
727 1060 882 1122 habebat
897 1059 1107 1128 humanitus,
1191 1067 1197 1076 '
1292 1053 1297 1063 ⁴

119 1184 184 1226 nec
218 1172 341 1246 potest
372 1164 458 1247 fingi
491 1164 652 1226 defectus
686 1184 731 1225 ex
755 1165 845 1230 Deo.
878 1165 942 1226 sed
976 1183 1021 1225 ex
1046 1163 1108 1236 eis,

121 1288 228 1349 quare
252 1289 323 1331 non
347 1268 560 1332 fructificant
592 1278 632 1332 ut
663 1279 745 1331 ante
780 1269 1003 1332 dotacionem
1030 1289 1108 1332 cum

120 1371 317 1437 huiusmodi
339 1376 540 1457 potestate?
563 1372 716 1436 Videtur
732 1374 829 1455 quod
851 1394 897 1436 ex
918 1373 1108 1456 potestatis

79 1479 232 1541 roabusu
262 1478 482 1541 durissimum
511 1478 676 1540 iudicium
702 1498 747 1540 ex
776 1478 1001 1541 confessione
1025 1497 1108 1560 pro·

121 1582 198 1663 pria
214 1582 281 1644 illis
302 1583 372 1646 fiet.
396 1583 525 1646 Petrus
543 1583 635 1645 enim
651 1583 772 1645 veniet
789 1585 832 1645 ad
848 1583 1013 1645 iudicium
1030 1601 1107 1646 curn

121 1688 196 1748 suis
218 1689 388 1750 conversis
418 1697 453 1750 et
482 1687 632 1769 quilibet
655 1689 897 1768 apostolorum
924 1707 1000 1749 cum
1025 1687 1108 1758 suis,

122 1800 161 1852 ut
185 1790 269 1854 dicit
291 1794 418 1854 beatus
431 1791 625 1875 Gregorius
643 1811 753 1874 super
770 1792 956 1874 evangelia
973 1790 1109 1856 Omeiia

122 1893 244 1959 XVII.
269 1896 333 1958 sed
357 1895 436 1958 talis
460 1895 685 1958 antichristus
702 1894 823 1957 veniet
846 1915 924 1957 cum
941 1895 1014 1958 suis
1031 1915 1108 1979 per-

83 1998 236 2063 rivcrsis
261 2000 583 2083 condempnandus.
622 1999 699 2062 Nec
725 2001 820 2062 valet
848 1999 1109 2063 antichristiana

122 2101 252 2167 ficticia
284 2124 352 2185 qua
381 2105 509 2167 dicitur
540 2123 668 2187 papam
690 2105 822 2166 habere
851 2113 982 2167 tantam
1005 2115 1107 2186 pote·

123 2215 249 2270 statem
281 2209 474 2271 secundum
506 2210 624 2290 legem
656 2208 797 2272 Christi.
830 2208 922 2271 sicut
954 2208 1109 2291 apostoli

124 2312 166 2373 ad
190 2313 419 2394 regulandum
446 2314 618 2395 populum
643 2321 680 2374 et
710 2312 857 2395 insuper
878 2314 986 2377 habet
1009 2323 1108 2395 pote·

123 2425 251 2478 statem
275 2419 318 2478 ad
342 2419 574 2498 regulandum
598 2417 771 2498 populum
789 2417 982 2478 secundum
1007 2418 1109 2498 leges

73 2542 210 2603 v20quas
242 2521 321 2604 ipse
354 2521 513 2585 condidit
545 2531 581 2584 et
614 2521 662 2583 illi
690 2521 851 2604 regimini
874 2532 1025 2604 propter
1049 2541 1109 2583 va·

123 2625 313 2688 riacionem
329 2626 501 2709 temporis
518 2635 664 2709 oportet
680 2627 874 2702 attendere,
898 2626 980 2708 quia
1003 2624 1110 2687 nichil

123 2731 308 2813 patencius
337 2731 509 2794 indicaret
539 2730 768 2793 condiciones
796 2729 857 2792 filii
881 2729 1108 2813 perdicionis

124 2835 184 2916 qui
219 2837 411 2898 secundum
437 2837 652 2918 Apostolum
683 2836 851 2897 extollitur
878 2854 982 2916 super
1009 2853 1109 2898 ornae

124 2942 212 3022 quod
227 2943 354 3004 (licitur
369 2940 473 3021 Deus,
498 2941 578 3022 quia
596 2951 731 3004 certum
754 2950 809 3003 est
837 2941 931 3023 quod
948 2939 1108 3003 Christus

81 3055 192 3106 25non
226 3055 344 3128 potest
376 3047 465 3109 tales
497 3047 598 3129 leges
623 3046 788 3113 condere.
822 3046 871 3108 sic
898 3063 1026 3127 regere
1050 3045 1109 3106 vel

123 3148 239 3212 taliter
256 3149 434 3214 dominari.
459 3149 672 3214 Sacerdotes
688 3149 808 3232 itaque
826 3148 955 3212 Christi
975 3149 1110 3211 habent

122 3262 339 3336 potestatem
378 3264 459 3317 ante
497 3255 599 3317 istam
631 3253 893 3317 iurisdicionem
930 3272 1108 3315 cesaream

124 3357 311 3421 edificandi
326 3361 510 3442 populum.
526 3358 740 3440 ubicumque
757 3368 925 3421 terrarum
941 3366 1108 3439 quantum

124 3463 313 3530 sufficiunt.
346 3464 577 3547 predicando,
617 3473 738 3525 sancte
772 3463 1018 3525 conversando
1051 3462 1110 3523 vel
1137 3474 1305 3519 unuln-dne

81 3566 232 3630 3oinstar
263 3577 465 3631 sanctorum
498 3569 684 3629 doctorum
717 3566 859 3648 scriptis
892 3566 1109 3629 sentenciam
1130 3528 1305 3636 edihinii'ien

124 3671 330 3735 catholicam
341 3672 635 3741 commendando;
647 3671 752 3734 talem
764 3680 879 3733 autem
890 3679 1108 3753 potestatem
1152 3633 1286 3732 miiaiim

122 3775 305 3858 regiminis
334 3776 636 3858 independentem
664 3776 708 3837 ab
737 3775 889 3838 invicem
910 3776 1110 3838 habuerunt

124 3880 277 3962 apostoli
300 3882 380 3963 plus
404 3891 440 3944 et
463 3880 588 3956 minus
620 3879 751 3943 Paulus
779 3889 818 3943 ut
847 3878 973 3945 estimo
996 3878 1109 3962 magis

123 3983 241 4049 Petro.

177 4192 210 4237 15.
226 4192 301 4238 codd.
318 4194 340 4238 in
357 4206 442 4249 marn:
456 4194 596 4239 Jurr'rdr‘cclo
609 4193 646 4239 vel
657 4197 759 4250 potestas
772 4192 938 4250 apostolorum.

180 4322 217 4373 13.
232 4319 340 4387 Gregor.
352 4321 368 4374 l.
380 4336 401 4371 c.
413 4322 483 4388 Opp.
494 4321 547 4386 (ed.
559 4319 657 4390 Migne)
667 4320 697 4389 ll¹
712 4319 785 4386 1148.
849 4322 889 4374 23.
900 4319 929 4372 ll.
939 4318 1034 4372 Thera.
1045 4319 1073 4382 ll,
1083 4333 1108 4385 4.
