3008 5026
154 386 226 431 CAP.
241 375 296 456 xi]
456 392 501 441 DE
520 391 730 442 POTESTATE
754 392 853 443 PAPE.

199 545 378 628 Quantum
399 547 446 611 ad
465 547 661 611 secundum
679 546 803 612 scribit
820 547 982 611 dominus
997 547 1144 610 Ardma·

156 671 263 714 canus
289 650 326 714 in
348 651 406 714 De
431 650 689 733 Questionibus
712 651 949 715 Armenorum
972 650 1064 714 libro
1087 649 1144 713 XI

154 755 190 818 in
212 756 283 819 fine
307 775 383 838 cap.
398 754 434 816 V
457 757 503 819 de
527 756 716 839 questione
736 757 985 820 Armenorum:
1008 755 1059 819 Ea
1081 757 1145 819 islo
1191 771 1327 815 sncereom

229 861 235 874 .
375 861 381 873 .
449 861 455 874 .
502 862 507 873 .
558 862 564 874 .
960 862 965 873 .
1187 835 1279 877 powers
1294 835 1333 866 arc

155 866 264 941 capite
286 879 378 941 sequi
403 862 504 923 mecla
529 861 673 941 vedetur,
701 863 791 941 quod
817 863 984 923 conclusio
1013 860 1144 941 adpo·
1181 876 1273 972 egnum
1288 876 1333 918 ana

131 969 307 1027 susinum
329 964 466 1046 ligandi
488 970 518 1027 et
539 965 693 1028 soluendi
707 967 777 1028 sive
791 964 986 1028 remittendi
1004 969 1145 1046 peccata
1169 929 1341 1037 'nativiiiiisi''

154 1070 225 1131 siue
248 1069 425 1145 retinendi,
447 1070 518 1132 sive
541 1070 739 1150 baptisaudi
763 1075 822 1131 aut
845 1070 1067 1133 consecrandi
1085 1073 1146 1130 aut

156 1174 383 1254 benedicendi,
406 1178 436 1235 et
459 1174 603 1235 breuiter
618 1175 732 1254 quoad
751 1179 1062 1254 quantumcumque
1079 1191 1145 1254 po-

155 1282 305 1340 testatem
330 1282 427 1340 actus
449 1279 717 1340 sacramentalis
739 1297 941 1359 expressam
964 1297 986 1340 a
1013 1275 1146 1342 Christo

155 1382 191 1444 iu
215 1383 399 1463 evangelio,
427 1383 648 1462 quiscumque
674 1384 837 1445 sacerdos
862 1384 898 1445 in
926 1381 1147 1445 ordinacione

116 1503 220 1548 rosua
243 1490 348 1548 totam
373 1486 496 1567 accipit
519 1490 580 1547 aut
603 1487 706 1548 nichil
732 1487 853 1567 t'psrus,
879 1487 1044 1566 quoniam
1071 1485 1145 1546 siu-

151 1590 247 1671 gulis
273 1590 310 1652 iu
337 1589 445 1652 simul
471 1594 501 1653 et
524 1590 669 1652 indivise
691 1596 770 1653 suut
797 1592 876 1653 date
898 1609 921 1652 a
946 1588 1090 1662 Christo,
1118 1592 1148 1650 et

156 1692 273 1756 Mattle.
298 1692 396 1769 XIV,
419 1692 442 1755 6
468 1711 511 1755 ac
536 1693 630 1756 Mar.
654 1692 699 1771 X,
722 1692 745 1755 9
770 1694 917 1757 mandat
944 1694 1026 1775 ipse,
1058 1692 1148 1772 qnod

155 1796 249 1860 Deus
275 1797 457 1874 eom‘uuait,
484 1797 585 1859 homo
612 1814 680 1859 uon
706 1802 851 1878 separet.
894 1795 987 1860 Unde
1014 1798 1148 1860 videtur

154 1901 412 1964 racionabiliter
438 1919 540 1982 posse
570 1903 735 1977 concludi,
766 1903 857 1982 quod
881 1903 941 1964 trec
966 1907 1148 1983 potestates

116 2007 426 2068 15sacrameutales
440 2007 478 2067 iu
495 2007 653 2068 omuibus
667 2007 900 2069 sacerdotibus
914 2013 994 2069 suut
1003 2007 1147 2086 equales.

155 2108 234 2172 Hec
273 2111 410 2173 doctor.
457 2108 532 2173 Sed
569 2110 765 2173 notandum
813 2111 911 2192 quod
959 2118 1145 2174 crescente
1170 2132 1208 2182 yet
1223 2139 1288 2187 some
1304 2133 1353 2188 qen

155 2213 379 2277 multitudine
403 2213 684 2295 presbiterorum
704 2214 740 2276 in
757 2213 911 2277 sciencia
926 2222 964 2277 et
979 2213 1147 2296 potencia
1163 2178 1360 2274 liniendi?

156 2317 297 2396 variata,
321 2326 446 2400 potest
467 2317 731 2382 racionabiliter
745 2318 883 2382 limitari
898 2317 1146 2383 sacerdotibus
1188 2284 1331 2378 ¹⁰ri1‘e‘ii‘m

154 2422 385 2486 habilioribus
409 2421 635 2505 singulariter
658 2421 824 2501 officium,
848 2430 1021 2487 attestans
1043 2423 1079 2485 in
1096 2422 1148 2486 eis

114 2555 146 2588 20
156 2526 456 2609 preeminenciam
479 2526 673 2608 dignitatis,
701 2529 799 2590 salva
822 2535 941 2590 tamen
964 2534 1148 2610 potestate

156 2631 403 2694 sacerdotibus
418 2630 646 2695 inferioribus
667 2640 831 2714 tempore
847 2631 1072 2694 necessitatis
1089 2631 1148 2693 vel

155 2733 446 2817 indisposicionis
478 2734 674 2817 superioris
706 2734 899 2818 presbiteri
931 2743 1150 2799 sacramenta

65 2849 129 2918 229⁴
156 2837 224 2901 ista
257 2849 293 2902 et
325 2839 588 2902 sacramentalia
619 2838 851 2919 ministrandi;
884 2859 962 2902 nam
982 2840 987 2919 Ι
1007 2839 1042 2901 in
1065 2840 1149 2919 lege

157 2943 282 3022 veteri,
305 2943 367 3007 ubi
390 2945 501 3027 magis
524 2946 750 3007 attenderant
771 2947 815 3008 ad
839 2946 929 3008 tales
956 2944 1045 3008 ritus
1068 2963 1149 3006 sen·

114 3060 145 3109 25
158 3047 291 3126 sibiles,
313 3057 466 3131 propter
486 3046 803 3130 indisposicionem
824 3047 949 3111 summi
968 3047 1148 3131 pontificis

157 3172 229 3215 non
260 3155 375 3216 solum
407 3152 507 3216 licuit
529 3151 708 3216 sacerdoti
729 3152 897 3230 inferiori,
930 3153 995 3216 sed
1023 3152 1150 3216 debuit

158 3259 328 3340 supplere
345 3256 576 3320 ministerium
592 3256 718 3319 summi
732 3256 928 3339 pontificis3
944 3256 1046 3320 aliter
1056 3256 1149 3319 enim

159 3363 300 3443 quando
343 3381 500 3425 summus
543 3363 711 3424 sacerdos
754 3361 849 3425 foret
889 3362 1048 3424 infirmus
1089 3361 1149 3422 vel

159 3484 310 3548 sompno
343 3475 518 3529 nocturno
551 3467 609 3528 vel
642 3466 709 3529 alia
746 3485 851 3528 causa
888 3468 1058 3548 pollutus,
1095 3484 1146 3528 se·

117 3581 329 3651 toqueretur
350 3569 608 3633 inconveniens
631 3570 723 3652 legis
739 3571 825 3646 Dei;
850 3569 1039 3652 aliquando
1057 3567 1149 3631 enim

157 3674 285 3756 polluti
302 3683 384 3738 sunt
399 3677 447 3739 ad
459 3695 650 3757 vesperum,
666 3683 706 3738 ut
721 3674 849 3739 dicitur
865 3674 1016 3738 Levitici
1029 3674 1114 3752 XV,
1129 3693 1148 3753 5

159 3789 195 3841 et
217 3778 500 3843 Deuteronomio
523 3778 668 3857 XXIII,
693 3788 730 3841 et
753 3779 942 3863 aliquando
965 3798 1081 3863 usque
1104 3778 1149 3841 ad

158 3883 348 3966 septimum
380 3883 485 3961 diem,
517 3891 557 3946 ut
588 3881 717 3946 dicitur
749 3882 875 3948 Ezech.
908 3881 1024 3947 XLV.
1062 3882 1149 3946 Cum

157 3984 266 4069 igitur
289 3988 489 4051 debuerunt
513 3985 660 4050 cottidie
684 3984 814 4049 offerre
837 4006 948 4068 super
968 3987 1077 4049 altare
1099 3985 1149 4048 in·

213 4277 228 4309 ι.
246 4263 322 4308 Codd.
345 4264 368 4307 in
389 4273 476 4317 marga
499 4260 639 4307 Potestatem
657 4263 751 4317 plenam
773 4261 858 4316 accipit
878 4261 988 4304 sacerdos
1009 4260 1105 4315 quilibet
1125 4272 1148 4303 ur

159 4335 344 4378 carrrecraciaue.
400 4332 437 4377 30.
454 4331 543 4376 coda:
557 4337 628 4375 antea
642 4333 710 4375 enlm.
766 4329 803 4376 32.
821 4333 849 4374 ll:
865 4329 932 4373 Deut.
948 4329 1048 4374 XXVIII.

995 4401 1046 4453 18‘
