3008 5026
165 439 234 489 em.
249 422 280 511 n]
461 443 506 493 na
526 441 738 493 potestate
760 443 858 495 eles.

88 616 137 673 163⁵
208 602 376 665 Potestas
396 597 401 686 l
421 600 529 683 igitur
561 599 751 683 spiritualis
784 621 863 664 cum
895 602 941 664 sit
973 603 1018 665 de
1049 603 1154 666 bonis

165 705 309 790 optimis
342 716 379 769 et
410 725 478 789 per
510 724 550 768 se
582 704 853 782 sufficientibus,
886 707 1031 770 excedit
1053 718 1154 791 pote-

164 819 292 874 statem
315 818 501 892 terrenam,
526 830 605 873 cum
628 810 686 873 illa
709 808 815 872 nichil
834 811 930 875 valet
953 810 1030 874 sine
1053 821 1154 895 pote·

165 925 257 978 state
295 914 468 998 spirituali
505 913 749 996 principaliter
785 916 982 996 regulante.
1021 915 1095 981 Sed
1133 937 1153 979 e

139 1028 289 1092 §contra
310 1019 379 1082 ista
400 1039 468 1102 per
490 1038 530 1081 se
554 1018 685 1081 sufficit
709 1018 784 1081 sine
807 1018 874 1083 illa

207 1123 249 1187 In
271 1123 340 1188 ista
362 1123 484 1206 utique
508 1123 656 1186 materia
678 1124 871 1186 tenendum
900 1132 956 1186 est
980 1144 1047 1207 pro
1072 1144 1152 1188 con·
1170 1141 1358 1203 ¹tugnnygruis

168 1228 274 1292 stanti
295 1228 392 1310 quod
408 1237 572 1311 potestas
589 1227 782 1311 spiritualis
799 1228 919 1311 quoad
944 1227 1151 1311 dignitatem
1170 1205 1189 1236 ¹⁵
1203 1193 1249 1238 ἐκ
1260 1195 1363 1239 “m

163 1332 308 1396 excedit
341 1332 450 1412 aliam,
490 1341 527 1395 ut
558 1339 710 1395 testatur
741 1332 869 1396 doctor
901 1342 936 1394 et
974 1333 1152 1415 quotlibet

162 1438 266 1521 leges
288 1437 469 1501 hominum
500 1436 646 1499 fundate
669 1436 871 1500 racionibus
895 1445 931 1500 et
957 1437 1151 1521 scripturis,

124 1572 153 1610 ιο
162 1553 202 1607 ut
224 1551 325 1625 patet
349 1542 504 1625 capitulo
527 1541 563 1604 V
585 1540 699 1604 huius.

207 1647 384 1730 Quantum
417 1649 460 1711 ad
493 1646 752 1729 antiquitatem,
784 1655 884 1729 patet
919 1648 1016 1730 quod
1039 1666 1151 1710 sacer·
1197 1663 1332 1721 antiquio:

163 1753 303 1817 docium
319 1752 454 1834 gentile
470 1753 528 1815 vel
545 1753 704 1814 naturale
720 1751 894 1834 precessit
911 1752 1151 1816 sacerdocium
1162 1716 1368 1814 n¹l¹ill¹lllila

223 1856 258 1870 ..
1038 1857 1046 1872 .
1072 1856 1080 1871 .
1163 1820 1369 1866 Calnhadnsort

161 1859 352 1921 levrtrcum.
364 1857 409 1919 Et
424 1856 752 1940 correspondenter
766 1858 811 1920 de
822 1866 1001 1939 potestate
1013 1859 1151 1938 drettur,
1171 1874 1198 1918 or
1209 1875 1354 1929 priestnood.

161 1971 200 2026 ut
214 1962 371 2048 tangitur
386 1961 482 2025 XXI
499 1961 655 2044 capitulo
672 1960 706 2022 V
721 1960 810 2026 libri.
834 1962 940 2025 Unde
959 1961 1019 2025 illo
1042 1965 1151 2027 modo

124 2068 317 2135 acreditur
352 2067 468 2129 Adam
500 2074 537 2129 et
569 2065 667 2149 Cayn
699 2065 775 2130 eius
806 2066 1034 2152 progenitum
1070 2077 1151 2131 ante

161 2182 347 2254 peceatum
379 2171 490 2234 fuisse
522 2172 783 2254 quodammodo
811 2172 1015 2235 naturaliter
1038 2191 1150 2237 sacer·

162 2278 274 2349 dotes,
308 2285 344 2340 et
367 2275 419 2339 sic
441 2284 607 2358 potestas
631 2274 823 2357 spiritualis
851 2276 1090 2340 benedicendi
1115 2287 1150 2342 et

162 2378 407 2459 consecrandi,
430 2378 574 2442 videtur
596 2378 778 2461 dignitate,
810 2388 972 2462 tempore
1001 2391 1037 2442 et
1060 2380 1149 2444 utili·

161 2493 234 2547 tate
266 2485 462 2566 precedere
501 2492 718 2565 potestatem
755 2482 905 2547 civiliter
944 2484 1148 2565 coactivam,

122 2617 151 2653 πο
161 2607 280 2671 ymmo
303 2597 466 2670 potestas
489 2587 720 2651 sacerdotalis
741 2587 883 2651 levitica
919 2587 1061 2652 videtur
1083 2609 1149 2672 po·

160 2702 324 2755 testatem
356 2692 489 2777 regiam
513 2693 765 2756 Israheliticam
792 2693 1003 2776 antiquitate
1026 2714 1148 2776 prece-

160 2797 257 2879 dere,
289 2817 361 2861 non
395 2807 512 2861 autem
549 2807 766 2881 potestatem
802 2802 935 2881 regiam
968 2797 1149 2881 gentilem,

160 2921 239 2965 cum
263 2913 426 2985 tempore
442 2904 587 2966 Abrahe
611 2904 742 2986 legitur
758 2922 885 2965 novem
908 2922 1015 2984 reges
1037 2903 1148 2967 fuisse

158 3005 193 3068 in
218 3008 309 3069 valle
333 3016 583 3089 congregatos.
606 3007 791 3089 Dignitate
809 3018 924 3070 autem
946 3018 981 3069 et
997 3007 1148 3072 utilitate

119 3122 146 3173 25
157 3110 300 3174 videtur
323 3112 554 3175 sacerdotalis
578 3120 740 3194 potestas
763 3111 906 3174 levitica
929 3132 1009 3175 esse
1041 3113 1147 3194 prior.

157 3214 198 3278 In
221 3216 302 3279 Deo
334 3228 451 3279 autem
474 3217 616 3280 videtur
638 3217 732 3280 racio
756 3216 949 3299 potestatis
976 3217 1076 3299 regie
1099 3218 1146 3280 in·
1184 3231 1240 3326 11ιιι
1256 3230 1330 3326 soah

158 3330 276 3383 create
299 3322 497 3403 precedere
521 3331 739 3405 potestatem
763 3323 1028 3401 sacerdotalem,
1054 3322 1147 3386 sicut
1175 3291 1348 3430 lpffissigr

157 3425 317 3486 secunda
352 3445 507 3506 persona
547 3426 685 3508 origine
723 3425 885 3508 precedit
921 3426 1076 3501 terciam,
1110 3436 1147 3489 et
1195 3393 1339 3444 ‘mmm'

156 3547 247 3610 opus
286 3529 570 3609 sustentacionis,
614 3550 706 3612 opus
744 3529 1039 3610 confirmacionis
1076 3550 1146 3612 que

116 3647 147 3698 30
158 3634 445 3715 correspondent
477 3633 554 3697 istis
587 3634 723 3716 officiis,
756 3645 792 3697 et
824 3655 890 3717 per
923 3654 1146 3717 consequens

157 3737 327 3800 sacerdos
366 3747 509 3801 eternus
547 3739 681 3821 primos
720 3750 887 3820 parentes
926 3739 1145 3803 matrimonio

157 3841 348 3923 copulavit,
371 3842 455 3905 licet
479 3842 663 3925 spirituale
684 3843 940 3907 matrimonium
958 3843 1087 3907 Christi
1111 3852 1146 3906 et

156 3944 311 4009 ecclesie
333 3945 449 4029 ipsum
473 3947 697 4029 precesserit.

207 4167 230 4211 6.
244 4167 286 4211 AB
300 4168 323 4211 ln
338 4180 425 4225 marga
441 4169 548 4214 Potestas
561 4170 694 4227 spiritualis
708 4176 742 4215 ert
756 4172 855 4229 dtgnr'or
865 4177 982 4228 potestate
996 4173 1073 4229 regia.

211 4295 283 4345 1-5.
303 4295 390 4344 llussii
411 4296 481 4360 Opp.
502 4293 572 4358 213⁵.
647 4310 684 4357 14.
704 4299 742 4347 De
760 4298 836 4347 Civili
851 4299 977 4349 Dominio
996 4299 1035 4362 lll,
1055 4314 1080 4363 p.
1093 4300 1144 4361 425

154 4390 179 4429 et
197 4395 273 4446 seqq.
