3008 5026
151 407 221 450 erp.
240 396 303 475 χιι]
454 411 499 461 os
518 411 730 461 poresmru
749 411 847 460 enee.
1295 400 1355 476 36ι

152 587 234 632 esse
266 567 368 632 nimis
399 587 528 650 magna
557 567 798 651 presumpcio.
835 566 924 630 Nam
955 567 1056 632 iuxta
1081 570 1140 632 de·
1190 584 1270 681 nim³
1286 587 1315 629 ue

151 682 288 736 cretum
319 673 415 736 beati
437 673 623 756 Jeronymi
650 673 834 736 recitatum
857 672 896 735 X
920 671 1076 756 capitulo
1104 683 1142 738 et
1159 637 1263 733 diiii
1278 645 1345 735 :iiie

151 776 594 840 testimoniumBernbardi
605 776 920 860 etLyncolniensis
928 797 1021 860 papa
1030 779 1141 841 debet
1202 741 1310 797 ΜΝ

151 900 233 944 esse
261 881 373 963 qualis
406 881 456 945 ibi
477 882 683 964 reputative
706 881 934 959 describitur;
964 882 1029 946 sed
1057 891 1141 945 tunc

124 984 246 1051 §foret
269 985 512 1049 sanctissimus
534 985 718 1064 viatorum,
745 985 855 1069 igitur
881 986 926 1048 ad
949 987 1020 1049 hoc
1042 994 1141 1049 tene-

150 1098 224 1165 tur,
257 1109 328 1152 non
362 1090 454 1152 enim
487 1099 543 1154 est
575 1090 723 1154 evidens
757 1091 853 1173 quod
876 1099 946 1154 tam
969 1090 1081 1154 sancti
1105 1099 1142 1153 et

150 1194 253 1257 scioli
269 1194 437 1257 doctores
448 1195 529 1258 oleo
545 1194 763 1258 adulacionis
778 1193 921 1257 linirent
936 1195 1140 1277 pontificem

149 1297 359 1360 menciendo
381 1298 426 1360 de
447 1297 520 1375 illo,
547 1299 825 1381 pronunciantes
851 1299 895 1361 de
915 1298 996 1381 ipso
1017 1299 1141 1363 laudes

150 1421 221 1483 que
245 1421 312 1463 nec
336 1401 457 1465 insunt
478 1421 546 1464 nec
569 1402 689 1465 inesse
707 1403 869 1466 debeant.
893 1402 982 1465 Ideo
998 1403 1141 1484 planum

107 1516 206 1571 mest
230 1526 278 1568 ex
301 1526 423 1570 eorum
447 1507 630 1571 sentencia
662 1508 760 1590 quod
791 1527 886 1590 papa
917 1508 1026 1572 debet
1059 1526 1140 1572 esse

150 1611 392 1675 sanctissimus
416 1620 453 1674 et
474 1631 541 1694 per
563 1611 658 1674 idem
682 1611 833 1694 quilibet
854 1631 956 1694 papa.

194 1714 295 1792 Item,
322 1718 450 1779 beatus
475 1714 672 1798 Gregorius
699 1717 791 1779 libro
815 1714 851 1778 11
874 1717 932 1778 De
957 1715 1049 1779 Cura
1071 1716 1139 1778 Pa-

149 1819 273 1883 storali
305 1839 381 1903 cap.
423 1819 539 1902 primo
572 1819 657 1883 dicit
695 1820 794 1903 quod
830 1829 954 1902 pastor
986 1819 1140 1883 ecclesie

150 1924 260 1987 debet
275 1945 314 1988 se
328 1926 461 1988 habere
476 1925 521 1987 ad
532 1925 696 1988 subditos
707 1924 799 1989 sicut
812 1933 937 2007 pastor
946 1924 1140 1988 bestiarum

108 2045 190 2096 15se
213 2029 320 2092 habet
345 2030 389 2092 ad
420 2029 556 2094 bestias
579 2049 669 2112 quas
693 2029 858 2094 custodit
896 2028 972 2093 Sed
999 2036 1141 2091 constat

150 2135 248 2215 quod
258 2135 351 2196 nulla
367 2153 484 2198 earum
501 2133 728 2217 equiparatur
743 2133 879 2218 pastori
892 2134 928 2197 in
943 2132 1141 2216 prudencia

149 2237 209 2300 vel
226 2237 366 2316 virtute,
389 2237 498 2321 igitur
520 2245 641 2321 pastor
658 2238 809 2302 ecclesie
826 2238 936 2302 debet
954 2237 990 2299 in
1006 2236 1139 2300 virtute

150 2360 274 2406 omnes
313 2342 477 2407 subditos
515 2363 601 2407 suos
634 2343 823 2418 excellere,
862 2341 943 2425 quia
973 2340 1041 2404 alia
1072 2361 1138 2404 ex-

150 2447 319 2509 cellencia
342 2467 413 2509 non
438 2457 494 2511 est
515 2448 709 2531 pertinens.
734 2446 820 2511 Cum
844 2446 954 2529 igitur
975 2466 1071 2529 papa
1093 2446 1141 2510 sit

106 2580 139 2612 20
149 2559 273 2633 pastor
282 2551 398 2615 tocius
407 2551 550 2614 residue
561 2551 801 2616 universitatis
816 2550 982 2626 fidelium,
999 2549 1140 2613 videtur

149 2655 246 2736 quod
263 2655 371 2718 debet
388 2655 544 2738 supponi
559 2655 675 2738 ipsum
692 2654 726 2718 in
742 2655 936 2740 prudencia
952 2663 989 2717 et
1007 2653 1139 2716 virtute

82 2773 121 2822 n·
150 2766 300 2820 cunctos
316 2758 395 2821 illos
407 2759 595 2822 excellere.
617 2758 622 2844 Ι
642 2759 759 2822 Aliter
769 2759 861 2822 enim
872 2777 964 2842 eque
981 2767 1140 2821 maneret

150 2871 188 2924 et
209 2871 373 2942 pasceret
397 2882 476 2925 eum
499 2863 663 2927 subditus
686 2872 725 2927 ut
748 2871 904 2928 econtra

192 2964 295 3042 Item,
310 2985 405 3048 papa
421 2966 599 3029 consentit
614 2966 867 3049 multipliciter,
882 2968 979 3049 quod
990 2973 1141 3029 vocetur
1161 2978 1196 3023 So
1209 2987 1249 3023 100
1263 2980 1291 3024 or
1302 2983 1343 3024 ne

106 3085 138 3136 25
146 3074 248 3151 pater
263 3072 479 3135 beatissimus
499 3079 535 3133 et
551 3071 717 3134 vendicat
731 3071 888 3134 honores
911 3072 1002 3134 ultra
1017 3090 1139 3135 omnes
1166 3032 1334 3137 ''iiiiii'‘

149 3177 316 3236 mortales
345 3174 447 3248 alios;
483 3194 561 3237 cum
593 3174 703 3258 igitur
726 3174 881 3257 supponi
905 3175 1014 3238 debet
1042 3175 1139 3257 quod

149 3277 217 3338 hec
249 3276 333 3341 facit
360 3278 529 3361 religiose
559 3288 595 3343 et
623 3279 754 3356 debite,
782 3280 841 3341 vel
864 3279 962 3360 quod
985 3278 1031 3342 sit
1056 3297 1138 3362 apo·

150 3390 241 3443 stata
258 3381 510 3459 Antichristus,
531 3383 673 3446 videtur
697 3384 791 3465 quod
809 3385 1049 3465 approbantes
1071 3383 1139 3445 hec

148 3483 243 3547 facta
265 3485 414 3567 papalia,
447 3496 615 3550 tenentur
645 3487 680 3549 in
714 3485 792 3549 istis
820 3505 1025 3568 supponere
1049 3485 1139 3549 veri·

106 3609 140 3659 30
149 3597 257 3651 tatem
282 3598 318 3651 et
339 3589 452 3654 laudis
475 3590 554 3653 talis
578 3590 766 3653 materiam.
804 3588 844 3654 Si
875 3589 982 3674 igitur
1007 3588 1139 3654 veritas

150 3702 207 3755 est
230 3696 327 3775 quod
350 3693 429 3776 ipse
454 3703 510 3758 est
531 3695 588 3758 hic
604 3704 706 3777 pater
720 3694 957 3772 beatissimus,
980 3703 1064 3757 tunc
1084 3703 1141 3757 est

150 3796 267 3860 viator
283 3797 538 3878 sanctissimus;
555 3812 591 3862 et
607 3799 699 3861 idem
711 3799 873 3881 sequitur
888 3798 918 3861 si
932 3797 977 3861 sit
987 3797 1139 3861 maxime

148 3901 386 3984 honorandus,
411 3922 490 3966 cum
512 3904 625 3968 honor
649 3903 695 3967 sit
718 3923 765 3966 ex
788 3923 859 3986 quo
883 3901 1055 3985 premium
1070 3901 1138 3964 vir·

203 4204 240 4236 πο.
256 4192 285 4236 B:
298 4198 384 4247 pastor
397 4193 469 4237 deest.

206 4350 243 4385 12.
264 4335 341 4401 Greg.
361 4335 377 4388 l.
396 4352 417 4388 c.
483 4352 522 4400 24.
541 4336 580 4388 Cl.
601 4337 689 4387 Hussii
709 4337 780 4403 Opp.
800 4338 818 4406 l,
839 4342 913 4404 229¹.
