3008 5026
141 397 209 441 cn.
230 380 293 470 m]
434 401 478 450 ns
498 401 708 451 poliutum:
728 403 825 454 mnu.

140 557 380 640 multipliciter
400 560 576 634 oberrare,
600 557 746 621 intendo
762 557 874 622 tercio
892 567 928 621 et
943 568 1128 641 protestor

141 664 237 745 quod
265 663 372 726 docto
401 683 467 745 per
490 683 626 745 papam,
655 683 720 746 per
748 665 998 747 quodcumque
1023 684 1127 726 mem·

140 769 241 830 brum
266 766 417 830 ecclesie
442 769 501 830 vel
523 767 674 850 aliquam
703 777 899 831 creaturam
924 769 1019 849 quod
1046 787 1127 830 erro

141 871 176 933 in
192 870 326 949 mediiS,
343 873 427 935 volo
443 871 631 935 humillime
649 892 688 934 ac
705 872 925 954 paratissime
941 891 1128 951 revocare;

117 977 236 1038 §unde
260 985 299 1039 ut
322 978 513 1059 procedam
540 977 698 1040 securius
727 977 856 1040 innitor
884 975 1128 1040 fundamenta·

142 1081 222 1144 liter
254 1100 388 1143 summo
412 1081 532 1164 lapidi,
565 1081 625 1164 qui
653 1090 709 1144 est
732 1081 799 1162 via,
828 1082 958 1145 veritas
987 1091 1021 1143 et
1049 1080 1131 1159 vita,

144 1184 286 1247 domino
321 1185 429 1249 Ihesu
460 1184 612 1261 Christo,
651 1185 794 1268 capiens
831 1186 1071 1250 testimonium
1110 1205 1131 1248 a

145 1288 275 1352 sanctis
300 1289 515 1367 doctoribus,
540 1291 584 1353 de
606 1299 738 1373 quanto
756 1300 954 1353 consonant
968 1289 1041 1373 legi
1057 1310 1131 1355 sue.

144 1393 224 1456 Alia
254 1414 339 1457 vero
374 1398 418 1459 ab
451 1393 528 1458 istis
557 1404 731 1476 tamquam
760 1395 934 1458 tardativa
961 1395 1020 1456 vel
1049 1413 1130 1456 con·

104 1497 248 1561 1otraria
270 1498 509 1581 parvipendo;
539 1499 632 1561 unde
654 1500 761 1562 credo
785 1508 823 1562 ut
842 1497 948 1561 fidem
970 1496 1131 1577 ecclesie,

147 1603 245 1685 quod
269 1602 482 1686 quicumque
505 1623 578 1666 non
602 1605 772 1666 observat
795 1611 924 1666 statum
948 1611 984 1665 et
1011 1603 1131 1684 legem

146 1726 249 1788 quam
266 1705 425 1770 Christus
441 1706 600 1789 instituit,
625 1727 727 1790 quam
745 1707 853 1770 eciam
875 1706 912 1770 in
936 1726 975 1768 se
999 1714 1037 1769 et
1059 1704 1132 1768 suis

146 1811 318 1892 apostolis
345 1811 419 1874 vita
446 1819 483 1874 et
510 1813 621 1874 verbo
650 1810 772 1874 docuit
799 1820 837 1874 et
863 1810 1029 1887 servavit,
1061 1828 1132 1872 non

147 1914 307 1998 sequitur
330 1914 506 1979 Christum
530 1935 595 1997 per
618 1924 725 1979 artam
749 1914 850 1992 viam,
875 1935 944 1998 que
968 1912 1067 1976 ducit
1089 1913 1133 1976 ad

107 2020 273 2096 15celum‚
305 2020 370 2082 sed
402 2019 537 2083 incedit
566 2039 632 2103 per
663 2021 767 2083 latam
801 2018 902 2097 viam,
934 2039 1004 2102 que
1037 2017 1135 2081 ducit

147 2127 341 2187 membrum
366 2123 513 2207 dyaboli
537 2125 580 2187 ad
602 2123 785 2187 infernum.

191 2228 348 2311 Explicit
357 2236 528 2292 tractatus
543 2228 588 2291 de
599 2237 779 2310 potestate
792 2247 885 2311 pape
895 2224 1065 2308 Johannis
1075 2224 1135 2290 W.

204 2479 221 2509 1.
236 2468 257 2510 A
272 2468 294 2510 in
310 2479 396 2522 muru:
416 2467 486 2511 Nota.
507 2466 655 2510 Protestano.
711 2476 733 2520 9.
749 2463 778 2508 C:
799 2463 960 2508 retardanda.
1015 2475 1049 2509 ια.
1065 2461 1096 2508 C:
1111 2464 1136 2506 in

149 2536 204 2578 suu.
259 2533 291 2580 13,
308 2534 338 2579 C:
353 2536 399 2579 vite
412 2540 437 2579 et
449 2537 524 2579 racio.
580 2545 612 2590 ¹7·
629 2534 657 2577 B:
676 2531 740 2588 wyl.
756 2535 777 2576 Α
788 2531 828 2576 sol.
842 2531 896 2585 2⁶2,
907 2533 951 2576 col.
963 2544 989 2576 2:
1005 2531 1137 2588 scriptorii

150 2606 228 2649 cuncti
243 2617 355 2649 memores
372 2606 420 2649 sint
444 2607 489 2649 ista
506 2605 611 2661 tegentes
637 2609 708 2660 atque
731 2607 858 2659 precentur
876 2603 901 2646 ei
919 2603 1023 2658 requiem
1047 2601 1136 2646 lubilei.

150 2673 201 2718 Neb
216 2683 265 2729 gest
279 2675 337 2719 toho
352 2675 439 2718 dobrze
454 2674 530 2718 huden
545 2676 581 2726 (:
596 2675 640 2716 ido
655 2683 754 2728 namque
768 2672 921 2729 dignissimus
936 2675 990 2724 eet).
