3008 5026
610 376 780 430 JOHANNIS
799 376 939 428 wtcllF
1146 358 1229 440 [CAP.
1246 371 1275 415 x.

286 554 436 619 cumque
468 535 659 617 theologus
693 534 823 599 dixerit
853 534 957 597 huius
992 533 1215 612 contrarium,
1256 553 1276 595 a

284 638 451 704 facultate
474 660 538 702 sua
561 641 767 723 degenerat.

326 743 454 809 Tereia
488 744 680 828 replicatur
713 765 759 807 ex
787 744 883 808 dicto
907 742 1166 826 Lynconiensis
1190 743 1275 826 Epi·

284 850 376 913 stola
414 847 595 927 XXXVI,
633 848 695 912 ubi
733 849 785 912 sic
821 847 996 931 loquitur:
1038 847 1132 912 Sicut
1168 866 1277 929 super

283 955 407 1018 mnndi
428 955 588 1018 cardines
608 956 760 1018 necandus
782 955 943 1017 inuititur
965 971 1147 1034 eorumque
1160 951 1303 1032 fulci-5

284 1060 376 1123 mirre
397 1063 630 1141 supportatur,
653 1060 704 1122 sie
724 1077 829 1141 suuper
843 1063 957 1122 sancte
971 1050 1127 1122 Romane
1142 1057 1278 1121 ecclesie

283 1163 480 1227 cardinales
506 1163 599 1227 orbis
625 1167 802 1227 terrarum
824 1163 971 1245 quinon
1000 1162 1275 1231 commovebitur.

284 1266 321 1329 id
336 1272 384 1330 est
398 1268 605 1331 universalis
629 1267 767 1331 ecclesia
786 1286 848 1348 qrce
864 1268 968 1332 nullis
988 1267 1278 1331 coinmocionibus

284 1390 307 1433 a
322 1372 505 1436 stabilitate
510 1373 601 1453 fidei
615 1373 770 1440 deicitur,
778 1373 854 1452 fixe
870 1373 1028 1436 innititur
1043 1376 1073 1435 et
1088 1372 1131 1434 ab
1146 1371 1276 1434 eisdem

283 1475 381 1556 forte
402 1481 432 1539 et
452 1477 610 1556 firmiter
632 1479 826 1541 sustinetur.
866 1475 940 1558 Ipsi
975 1476 1065 1540 enirn
1089 1481 1168 1539 suin
1192 1493 1323 1555 quos10

283 1585 379 1644 uocat
399 1581 583 1661 psalmista
607 1580 842 1661 fundamenta
872 1581 964 1643 orbis
986 1586 1175 1651 terrarum,
1207 1579 1279 1661 ipsi

284 1689 363 1747 scint
379 1686 419 1747 de
434 1686 555 1766 quibus
575 1687 611 1748 iu
634 1685 701 1748 Yob
716 1687 893 1750 scribitur:
910 1684 980 1749 Sub
1000 1704 1064 1766 qno
1085 1689 1279 1747 curuantur

284 1788 343 1867 qni
361 1794 503 1871 portant
524 1791 656 1858 orbern;
685 1790 767 1852 ditm
792 1791 883 1853 cuim
911 1808 1016 1852 curas
1039 1789 1170 1852 ecclesie.
1193 1806 1275 1850 oue-

285 1910 391 1972 raque
431 1899 629 1958 cunctorum
670 1896 825 1970 tolerant,
871 1895 972 1974 qrrasi
1002 1894 1067 1956 sibi
1098 1893 1276 1974 strperirn-

283 1998 433 2077 positum
458 1998 571 2061 orbem
592 2004 740 2080 portant.
764 1997 806 2060 Et
827 1999 915 2061 sicut
938 1999 972 2060 iu
997 1998 1127 2061 matricio
1151 1996 1279 2060 visibili
1294 2003 1323 2052 ιδ

285 2100 337 2163 sol
360 2103 421 2164 istc
443 2102 646 2184 conspicuus
667 2120 730 2166 sno
747 2102 976 2183 preerninenli
999 2101 1129 2164 tramine
1152 2101 1280 2163 rualendi

286 2206 442 2269 tenebras
465 2211 597 2288 prtrgat
624 2205 911 2287 singulariterque
936 2205 1105 2269 inconcinne
1126 2205 1280 2266 illustrat

287 2314 444 2388 motuque
476 2327 537 2372 sno
570 2310 829 2373 ordinatissimo
862 2315 987 2373 ceteros
1015 2314 1127 2372 neotus
1153 2325 1278 2389 corpo-

287 2415 380 2476 rales
411 2414 588 2476 naturales
619 2413 758 2476 ordinat
780 2417 810 2476 et
837 2415 981 2494 regnial,
1013 2414 1063 2474 sic
1094 2413 1127 2473 in
1161 2411 1278 2475 orbern

287 2518 419 2580 ecclesie
442 2536 599 2581 summus
617 2516 770 2600 porztiser
791 2519 896 2582 nicena
913 2519 995 2581 solis
1010 2518 1131 2580 obtinet
1142 2522 1277 2598 precel—
1292 2538 1327 2572 20

287 2620 368 2683 lenti
389 2621 462 2685 lnce
484 2623 634 2684 doctrine
657 2628 687 2685 et
709 2622 913 2685 eximiorum
930 2639 1082 2703 opernm,
1106 2621 1277 2683 oraruntnm

286 2722 469 2809 purgans!
489 2726 532 2789 ab
554 2745 713 2789 errorum
738 2727 889 2801 tenebris,
914 2728 961 2788 ad
983 2725 1136 2789 veritatis
1157 2726 1278 2805 cogni·
1310 2731 1376 2784 225⁸

288 2829 417 2892 cionem
441 2830 615 2910 singulari
638 2832 861 2912 prerogativa
891 2831 1034 2893 eundem
1064 2830 1278 2906 illruninans,

288 2951 406 2997 oriones
429 2935 536 2998 eciam
560 2941 672 2998 motus
687 2936 863 2998 accionum
881 2937 916 2998 in
935 2935 1123 2998 ruiiocrsali
1139 2932 1277 2996 ecclesia

288 3039 514 3118 ‹lisposieione
540 3058 605 3102 sna
628 3041 804 3116 ordinans,
828 3040 993 3120 regulans
1020 3044 1049 3101 et
1069 3039 1278 3119 gubernans.
1293 3048 1324 3098 23

293 3141 591 3222 ereriradmoduur
623 3145 731 3224 igitur
774 3144 898 3206 rictrudi
933 3149 1051 3220 status,
1104 3143 1204 3205 decor
1249 3147 1281 3203 et

289 3247 372 3309 ordo
397 3253 475 3328 post
497 3249 620 3311 numdi
642 3248 851 3312 conditorem
876 3248 1109 3328 angelicosque
1133 3247 1281 3328 spiritns

289 3351 337 3413 ad
358 3351 545 3415 conditoris
568 3358 688 3414 arritum
705 3353 1032 3433 adruiinistratorios,
1056 3352 1173 3415 debent
1196 3351 1278 3413 snb·

289 3472 359 3518 esse
381 3456 446 3518 soli
468 3456 594 3518 visibili
617 3458 802 3536 intrantique
824 3456 1033 3532 cardinibus,
1056 3457 1105 3517 sic
1125 3460 1161 3517 nt
1176 3472 1278 3517 ucra-

288 3562 372 3622 citcr
394 3561 547 3624 sentiunt
578 3562 636 3642 qni
661 3580 724 3641 que
755 3566 999 3625 sursumsunt
1027 3562 1176 3642 sapiunt,
1200 3565 1326 3641 pastui

290 3665 412 3727 iterandi
435 3665 644 3729 conditorem
668 3672 698 3728 el
725 3667 974 3748 redemptorem
1001 3666 1201 3744 curimnqne
1223 3682 1278 3727 cc-

291 3770 404 3833 testem
422 3787 460 3832 ex
482 3770 659 3850 spiritibus
679 3771 785 3835 beatis
800 3772 1003 3851 angelornm
1028 3775 1058 3833 et
1080 3774 1279 3834 sanctoruni

343 3973 363 4019 3.
382 3975 457 4019 (lota.
479 3975 500 4019 in
521 3988 607 4031 marga
627 3977 795 4033 Argnrnentnm
812 3991 857 4032 pro
874 3990 948 4033 papa.
1002 3994 1025 4031 4.
1043 3978 1064 4022 5.
1084 3978 1112 4020 ll:
1132 3979 1192 4020 sient
1208 3989 1282 4031 clipei·

290 4044 371 4087 mundi
383 4045 457 4088 deest.
511 4045 532 4088 6.
549 4045 624 4089 Codd.
640 4047 662 4089 in
679 4058 764 4100 marg:
785 4045 947 4092 Cardinalium
965 4050 1017 4091 lans
1031 4060 1075 4104 per
1088 4048 1280 4092 lincolniensem.

292 4114 329 4167 28,
346 4126 384 4170 aa.
399 4114 477 4158 Recte:
492 4115 576 4158 debent
589 4127 614 4159 sc
626 4117 677 4159 soti.

342 4239 366 4285 4.
386 4222 520 4273 Robertus
533 4224 670 4274 Grosseste
684 4225 819 4290 Epistolce
839 4228 879 4276 etl.
900 4226 987 4276 Luard
1007 4242 1032 4292 p.
1050 4227 1105 4277 125.
1180 4241 1217 4277 ιο.
1238 4226 1280 4278 Ps.

251 4354 253 4358 .
290 4309 369 4373 XVll,
393 4309 430 4361 16.
506 4310 682 4377 11.Job.1x,
705 4314 742 4365 13.
