3008 5026
167 375 224 436 108
704 388 874 440 soniturus
894 386 1034 439 wrcur
1230 364 1364 454 [crevi

177 557 350 655 gizeipuipflpsl
378 551 454 607 tota
486 553 680 628 aggregata
702 553 866 627 potestas
898 543 933 606 in
961 542 1134 625 apostolis
1156 542 1224 605 fuit
1244 543 1365 615 maior,

173 663 354 760 {priami
376 667 460 730 ymo
503 669 582 711 cum
623 647 777 732 apostoli
815 647 967 711 mediate
1015 648 1140 710 eadem
1181 653 1366 729 potestate

187 768 233 812 ina
247 727 337 823 gignet
377 751 595 816 suffecerunt
619 752 803 816 instituere
826 763 1044 815 sacramenta
1063 760 1100 814 et
1119 759 1189 814 tam
1214 749 1365 813 miracu-

220 831 309 875 power.
376 856 455 920 lose
479 877 519 920 ac
544 867 614 920 tam
646 855 840 919 efficaciter
871 856 1068 919 ministrare
1100 856 1224 919 eadem
1252 874 1366 919 sacra·

377 970 504 1042 menta,
514 961 658 1025 videtur
673 962 771 1044 quod
781 961 936 1043 apostoli
946 962 1148 1024 habuerunt
1158 959 1366 1042 ampliorem
1378 970 1391 1021 5

378 1074 415 1129 et
460 1065 694 1129 efficaciorem
738 1073 955 1147 potestatem
1000 1067 1044 1128 ad
1089 1064 1367 1148 dispensandum

378 1169 531 1233 ecclesie
569 1178 796 1233 sacramenta.
841 1169 918 1232 Nec
951 1170 1144 1233 ostendunt
1180 1169 1216 1233 in
1255 1168 1367 1254 signis

379 1273 594 1356 efficacibus,
618 1275 716 1356 quod
737 1275 893 1337 habeant
915 1275 974 1337 vel
998 1273 1243 1337 absconditam
1265 1281 1366 1357 pote·

378 1386 518 1456 statem
551 1396 629 1441 cum
663 1376 772 1460 igitur
792 1387 920 1460 posset
944 1397 1024 1440 esse
1037 1362 1148 1440 ‘error
1169 1377 1206 1440 in
1227 1377 1367 1441 institu-

378 1480 480 1545 cione
514 1490 550 1544 et
583 1502 682 1544 error
713 1481 749 1545 in
780 1481 973 1564 potestatis
1006 1482 1188 1559 abusione,
1224 1481 1411 1545 racionem

378 1586 478 1650 cuius
500 1586 602 1648 Deus
625 1606 696 1649 non
727 1585 887 1649 conferat
914 1587 978 1648 sed
1009 1586 1144 1650 auferat
1164 1586 1368 1650 huiusmodi

377 1697 604 1772 potestatem,
632 1689 775 1753 videtur
803 1689 943 1775 signum
974 1690 1197 1754 luciferinum
1224 1690 1368 1774 gloriari

379 1792 455 1856 sine
494 1793 652 1857 efficacia
689 1793 812 1876 operis
850 1795 894 1856 de
931 1794 1134 1859 huiusmodi
1175 1801 1368 1878 potestate.

379 1895 482 1980 Opus
512 1898 654 1980 inquam
674 1896 679 1983 Ι
699 1898 915 1961 meritorium
948 1899 993 1962 de
1028 1901 1106 1962 celo
1140 1899 1295 1962 ecclesie
1318 1899 1368 1961 in·
1400 1904 1458 1972 187⁴

379 2009 515 2065 stanter
546 2011 696 2065 tractum
729 2002 765 2065 in
797 2002 1006 2085 preteritum
1043 2003 1210 2089 gigneret
1242 2015 1410 2067 conso-15

378 2105 552 2169 lacionem
586 2115 623 2170 et
654 2107 821 2189 gaudium
845 2114 1054 2189 potentatus
1078 2117 1115 2171 et
1138 2111 1238 2171 daret
1259 2108 1367 2172 fidem

379 2209 531 2273 subditis
555 2212 650 2293 quod
665 2212 767 2274 Deus
791 2210 858 2274 sibi
884 2211 1118 2275 communicat
1140 2221 1367 2294 potestatem.

170 2327 247 2372 nour
262 2328 360 2382 orente·
379 2312 500 2379 Status
524 2324 640 2378 autem
664 2323 702 2377 et
723 2323 886 2398 potestas
919 2334 1045 2399 magna
1068 2317 1241 2379 viancium
1263 2316 1366 2380 incu-

179 2381 350 2486 srlffienffffis
378 2427 472 2482 teret
494 2419 545 2481 eis
562 2439 609 2481 ex
626 2419 808 2482 altitudine
826 2438 929 2482 casus
949 2419 1180 2483 formidinem.
1203 2420 1249 2482 Et
1265 2429 1368 2503 patet

187 2485 339 2580 mtisyeiiiiii
378 2542 426 2585 ex
449 2524 607 2586 secundo
641 2522 794 2606 capitulo
826 2524 1022 2605 permulta
1052 2524 1166 2587 media
1189 2525 1367 2606 quomodo
1380 2550 1412 2584 ιο

378 2626 414 2690 in
446 2627 605 2710 qualibet
636 2635 854 2710 potestatum
888 2646 1018 2690 novem
1046 2637 1169 2710 patres
1191 2628 1226 2692 in
1250 2629 1368 2711 primi·

378 2731 454 2794 tiva
484 2731 636 2794 ecclesia
669 2740 915 2795 excesserunt.
955 2731 1070 2795 Aliter
1109 2733 1200 2796 enim
1237 2734 1369 2817 prelati

378 2835 493 2899 nostri
515 2835 617 2898 nimis
640 2836 830 2899 illuderent
855 2837 1096 2900 subtrahendo
1126 2857 1226 2902 usum
1249 2840 1368 2903 huius·

379 2940 475 3002 modi
497 2948 727 3022 potestatum.

188 3055 337 3111 ourpnem
423 3042 599 3125 Quantum
639 3046 682 3107 ad
706 3044 1019 3110 auctorizacionem
1052 3047 1229 3130 scripture
1267 3057 1411 3111 sacrent

188 3107 343 3221 {gssl‘glffl‘e
379 3156 479 3229 patet
503 3168 549 3211 ex
572 3150 678 3212 modo
707 3149 877 3231 loquendi
904 3150 1001 3213 beati
1025 3150 1218 3234 Augustini
1241 3150 1294 3213 IV
1310 3152 1368 3215 De

200 3212 329 3265 ⁶⁸⁰⁰⁰¹⁶⁸¹'
378 3252 551 3315 Doctrina
563 3252 761 3316 Christiana
775 3252 827 3316 VI
845 3274 933 3336 cap„
951 3255 1047 3336 quod
1064 3257 1210 3335 apostoli
1225 3260 1255 3318 et
1268 3275 1368 3319 evan·

375 3357 494 3436 gelista
515 3358 574 3436 qui
588 3359 799 3439 scripserunt
815 3360 920 3422 libros
934 3360 1115 3423 canonicos
1130 3364 1229 3423 erant
1244 3379 1360 3424 eorum

378 3465 525 3538 autom,
562 3463 637 3525 licet
673 3464 768 3526 solus
794 3462 888 3526 Deus
916 3463 1030 3544 suerit
1066 3469 1168 3526 aulor
1197 3483 1366 3530 summus:

377 3564 495 3628 Aliter
518 3565 609 3629 enim
642 3568 737 3630 nulla
761 3577 920 3631 creatura
942 3569 1091 3631 haberet
1123 3568 1368 3631 auctoritatem
1380 3579 1413 3632 30

379 3669 423 3731 ad
455 3669 586 3752 aliquid
619 3670 825 3735 faciendum.
863 3671 969 3752 Quod
1007 3681 1123 3735 autem
1162 3671 1368 3736 sacerdotes

378 3773 493 3837 nostri
515 3774 684 3857 temporis
707 3795 779 3839 non
800 3777 937 3838 habent
960 3784 1090 3839 tantam
1123 3775 1368 3840 auctoritatem

377 3878 437 3942 vel
459 3886 676 3962 potestatem
701 3880 927 3943 canonizandi
950 3881 1060 3944 libros
1081 3881 1174 3945 sicut
1189 3891 1272 3943 sunt
1286 3880 1369 3944 libri

379 3981 423 4044 de
447 3982 565 4054 biblia,
598 3983 739 4047 videtur
772 4004 818 4047 ex
851 3985 1039 4047 universali
1072 4004 1237 4049 sermone
1269 3984 1367 4048 dicto

433 4308 473 4358 27.
493 4294 563 4361 Opp.
582 4306 646 4347 tom.
666 4295 706 4358 ΙΙΙ,
731 4312 749 4353 ι.
768 4295 810 4361 67.
