3008 5026
197 408 265 455 cnr.
285 393 349 483 vn]
497 416 541 464 ne
560 415 771 466 roras‘rnnn
791 416 887 466 rnen.
1345 425 1401 486 ¹45

193 578 299 634 nauta
331 572 434 635 huius
466 572 639 635 navicelle
672 572 783 636 debet
819 581 1034 637 artemonem
1067 578 1183 641 arbori
1206 591 1266 653 now
1282 594 1319 635 ne
1335 594 1388 689 nup

195 676 310 741 crucis
341 676 491 760 infigere
515 684 551 739 et
581 677 699 759 ipsum
731 677 865 759 lignum
898 697 976 741 curn
1010 678 1151 746 Christo
1177 651 1226 762 ΙΝ
1240 646 1371 759 iis‘ri'iue‘c

104 803 167 866 ¹97⁸
194 802 371 864 suspenso
394 792 435 846 ut
455 783 575 846 velum
598 782 738 865 erigere
762 791 800 845 et
822 782 873 846 sic
894 802 973 846 eum
990 783 1184 850 efficaciter
1233 753 1364 807 mgmd'

192 885 391 969 respiciens
419 886 486 950 erit
513 905 660 951 securus
681 907 703 949 a
726 886 876 953 turbine.
921 887 969 950 Et
993 888 1075 952 hinc
1098 890 1184 954 dicit

168 991 324 1058 5Petrus
346 1000 454 1054 nauta
475 991 580 1055 huius
595 990 784 1056 navicelle:
811 990 968 1057 Christus
990 1013 1121 1076 passus
1136 1001 1184 1060 est

189 1116 256 1179 pro
271 1098 376 1177 nobis,
400 1097 496 1161 nobis
511 1097 704 1178 relinquens
719 1099 921 1179 exemplum,
945 1104 981 1161 ut
995 1118 1183 1180 sequamur

191 1203 334 1283 vestigia
356 1202 438 1265 eius.
474 1200 521 1264 Et
542 1205 669 1266 beatus
692 1201 882 1280 Johannes:
910 1201 1004 1267 Sicut
1029 1203 1183 1270 Christus

187 1325 254 1388 pro
286 1307 382 1370 nobis
412 1307 572 1370 eitimam
603 1324 706 1370 stram
733 1309 852 1389 posuit
882 1313 913 1370 et
939 1327 1002 1372 nos
1023 1310 1183 1374 dehemus

188 1430 254 1492 pro
277 1410 456 1492 fratribus
486 1412 645 1474 animam
672 1429 811 1493 ponere.
855 1411 949 1476 Huic
978 1414 1087 1494 igitur
1109 1415 1181 1477 velo

151 1516 336 1597 rosimplex
358 1516 574 1580 conversacio
596 1521 626 1579 et
647 1534 731 1579 vera
752 1516 919 1595 confessio
941 1518 1130 1597 religentur
1151 1524 1182 1582 et

189 1621 254 1682 tuti
275 1638 346 1684 esse
364 1637 562 1702 possumus,
589 1621 835 1700 quantumlibet
861 1639 961 1684 mare
987 1622 1094 1686 seviat
1121 1628 1182 1685 aut

189 1730 305 1788 ventus
331 1725 489 1805 incutiat,
520 1724 611 1805 quod
640 1729 762 1788 nostra
792 1726 959 1790 navicella
991 1744 1058 1789 non
1085 1744 1179 1790 mer-

185 1835 302 1909 getur,·
338 1829 585 1910 quantumlibet
618 1829 839 1910 interficias
861 1830 1042 1909 etfluctus
1076 1832 1181 1894 seculi

188 1934 414 1997 conturbetur.

149 2052 178 2102 ιε
232 2034 305 2101 Sed
328 2043 430 2099 notet
452 2035 568 2100 fidelis
604 2036 702 2118 quod
724 2036 760 2099 in
782 2036 851 2099 ista
877 2055 968 2099 nave
991 2056 1062 2099 non
1086 2036 1178 2101 navi·
1198 2054 1384 2150 rffispfvgffir

188 2148 250 2223 gat
280 2139 349 2203 nisi
371 2139 488 2222 quiin
512 2138 706 2203 humilitate
730 2149 766 2203 et
790 2147 1003 2223 paupertate
1028 2141 1103 2205 odit
1125 2162 1179 2206 se·
1234 2158 1314 2220 enfin
1327 2161 1350 2203 tn

188 2245 311 2308 culum.
330 2244 515 2326 sequendo
527 2242 656 2308 Christi
669 2243 832 2328 vestigia.
848 2244 936 2308 Ideo
954 2245 1049 2308 dicat
1063 2246 1179 2310 fidelis
1211 2211 1377 2320 ¹¹¹¹ss¹iiiri⁰d

187 2349 410 2432 prepositus:
458 2346 498 2412 Si
533 2355 570 2412 tu
601 2354 649 2413 est
682 2348 848 2430 Christus,
896 2369 968 2412 non
1005 2350 1112 2414 miror
1149 2351 1179 2414 si

187 2452 336 2517 solidam
369 2472 508 2516 carnem
540 2472 649 2535 super
679 2453 856 2534 liquantes
888 2473 997 2536 aquas
1029 2474 1176 2538 suspen·

144 2587 177 2623 20
188 2557 292 2638 deris,
317 2559 377 2621 sed
394 2557 462 2639 fac
484 2558 582 2640 quod
604 2557 718 2635 mirer,
746 2559 821 2622 iube
844 2577 898 2622 me
924 2578 970 2621 ex
993 2568 1177 2642 potestate

187 2662 306 2726 divina
328 2663 443 2726 uenire
465 2665 513 2726 ad
534 2669 564 2726 te
591 2682 696 2745 super
718 2683 837 2745 uquas,
870 2665 968 2746 quod
995 2683 1067 2727 non
1094 2665 1179 2728 iacit

185 2766 301 2830 fidelis
318 2768 362 2830 ad
378 2787 522 2831 sensum
543 2766 717 2832 misticum
743 2768 810 2831 nisi
832 2770 965 2831 calcata
984 2768 1178 2833 affeccione

187 2879 394 2934 cunctorum
432 2871 678 2954 temporalium
722 2872 877 2935 imitetur
925 2872 1101 2936 Christum
1143 2874 1178 2937 in

186 2975 352 3053 moribus,
386 2986 423 3039 et
454 2976 506 3039 sic
538 2997 633 3059 papa
664 2978 873 3060 prepollens
904 2977 941 3041 in
968 2977 1099 3042 talibus
1123 2988 1179 3044 est

144 3097 174 3147 25
186 3101 293 3144 verus
309 3081 440 3145 Christi
467 3081 628 3160 vicarius
651 3091 690 3146 ut
704 3082 861 3167 tangitur
876 3083 911 3146 in
935 3093 1061 3166 quarto
1077 3104 1177 3167 argu·

185 3195 315 3266 mento,
343 3206 415 3268 quo
438 3185 568 3250 Petrus
591 3186 670 3266 Joh.
695 3186 818 3250 ultimo
841 3188 937 3252 misit
962 3207 998 3251 se
1020 3189 1055 3252 in
1079 3208 1178 3252 mare

186 3310 232 3351 ex
248 3292 366 3355 calore
382 3290 466 3354 fidei
481 3291 566 3354 satis
581 3293 728 3355 salvum.
751 3289 790 3355 In
807 3311 890 3374 quo,
906 3301 945 3355 ut
961 3312 1053 3372 reor,
1076 3294 1178 3355 datur

184 3393 336 3477 intelligi
367 3395 464 3477 quod
497 3404 568 3460 stat
599 3396 825 3460 christianum
862 3397 1041 3460 meritorie
1075 3397 1177 3480 sequi

186 3496 314 3562 Christi
346 3499 499 3585 vestigia
531 3508 567 3563 et
599 3500 650 3564 sic
683 3520 764 3564 esse
797 3502 831 3565 in
865 3521 1017 3584 corpore
1047 3501 1177 3565 Christi

142 3602 332 3685 30mistic0‚
366 3605 464 3686 quod
493 3613 549 3667 est
575 3606 674 3669 Petri
700 3606 871 3686 navicula,
902 3607 987 3669 licet
1013 3606 1176 3670 videatur

183 3707 219 3769 in
242 3707 332 3770 facie
357 3709 505 3773 errantis
528 3709 682 3773 ecclesie
707 3730 788 3775 esse
811 3711 908 3775 ioris.
941 3711 1060 3775 Decet
1083 3711 1175 3774 enim

185 3811 395 3894 scripturam
428 3833 564 3879 sacram
598 3834 680 3878 esse
716 3815 936 3898 gravidatam
973 3816 1176 3880 multiformi

238 4013 254 4044 1.
270 4004 423 4053 artemonem
438 4001 455 4044 B
470 4001 493 4045 in
504 4013 592 4058 marga
602 4009 757 4059 onlempnom.
772 4006 848 4060 Augu
863 4004 912 4048 Sed
921 4005 945 4047 tn
955 4004 991 4048 his
1000 4007 1175 4050 tenacioribus

183 4070 294 4125 erigatur
307 4076 417 4115 antenna.
501 4071 519 4117 5.
535 4071 577 4115 ΑΒ
591 4073 615 4116 in
630 4084 718 4128 marn:
732 4073 798 4118 Petri
809 4074 925 4117 navicula.
997 4077 1020 4119 6.
1036 4075 1124 4119 Codd.:
1137 4089 1174 4119 re·

183 4152 282 4195 permut.

237 4249 259 4302 5.
279 4249 297 4299 Ι.
316 4250 385 4302 Petri
404 4250 422 4313 Ι,
443 4265 484 4302 ²1.
555 4266 579 4316 7.
598 4251 743 4315 1.Joh.111‚
761 4251 800 4305 16.
870 4269 895 4320 9.
915 4257 980 4320 Aug.
999 4254 1015 4303 l.
1029 4270 1050 4304 c.
1071 4253 1173 4322 loosely

183 4336 291 4404 quoted.
365 4349 405 4402 17.
423 4335 513 4391 hiarth.
532 4339 600 4402 XIV,
620 4339 660 4392 28.
732 4337 774 4393 26.
791 4339 851 4392 loh.
870 4340 937 4405 xxi,
956 4357 980 4407 7.

234 4448 266 4488 Do
277 4448 391 4486 Pomm
401 4448 468 4492 Pm.
1038 4460 1069 4496 10
