3008 5026
139 367 273 457 clevi]
435 386 480 436 ue
501 385 711 436 potestate
731 385 829 435 ears.
1284 389 1342 448 1²3

139 565 265 627 perum
298 544 342 607 ad
374 545 620 607 cumulandum
652 543 722 606 sibi
753 541 1017 625 superfluitates
1040 550 1127 605 ster·
1149 555 1334 653 ¹?ffef'ssffiss'st?

140 669 262 713 corum
278 659 315 712 et
330 650 526 732 discipulos
542 668 637 730 suos,
651 647 711 730 qui
726 647 887 710 severius
903 655 1129 728 exequuntur
1152 660 1202 755 hue
1217 620 1277 757 ppoffir,
1290 621 1315 704 ti

139 753 226 817 illud
258 754 423 836 officium,
447 757 528 836 plus
561 753 785 816 commendat
808 760 845 815 et
868 761 1060 834 promovet
1083 752 1127 813 ad
1168 724 1244 756 Μ’
1272 726 1326 759 '⁶¹⁵'

140 859 251 921 seculi
274 860 494 944 dignitatem,
528 858 579 922 sic
603 858 700 940 quod
724 856 863 920 Christo
893 865 1129 919 conversante

117 963 326 1033 §nobiscum
354 985 423 1028 non
455 963 550 1027 foret
581 962 654 1026 suis
679 982 758 1026 cum
789 962 855 1025 illis
888 960 1042 1024 societas
1069 961 1128 1022 vel

140 1068 296 1131 amicicia
318 1069 386 1132 nisi
401 1068 661 1132 interhomines
677 1087 793 1150 prope
809 1086 924 1149 pares
936 1065 982 1129 Et
998 1085 1127 1128 secun-

140 1175 222 1235 dum
245 1173 461 1254 Apostolum
484 1172 520 1236 II
545 1172 623 1237 Cor.
647 1171 708 1251 VI,
746 1192 782 1251 15
808 1192 872 1234 non
901 1176 948 1234 est
971 1189 1126 1232 comma-

139 1279 269 1340 rricecio
297 1277 424 1344 Christi
445 1280 493 1341 ed
523 1277 642 1355 Belial,
678 1285 718 1339 ut
740 1279 929 1357 tangebam
954 1274 1127 1357 superine.

182 1381 334 1459 Octavo,
366 1383 427 1445 ubi
461 1381 621 1446 Christus
645 1381 829 1465 prohibuit
862 1380 1015 1443 cariores
1052 1379 1127 1441 eius
1153 1392 1231 1436 curm
1246 1394 1324 1439 would

1150 1454 1190 1489 not
1203 1447 1246 1491 call
1262 1448 1332 1492 down

100 1522 129 1554 ιι,
139 1486 336 1569 discipulos
352 1488 524 1567 Jacobum
542 1497 579 1551 et
593 1488 791 1567 Johannem
806 1485 984 1568 inprecari
1007 1484 1127 1568 ignem
1160 1499 1318 1595 stgffingpapse·

139 1592 184 1652 de
210 1592 288 1654 celo
311 1593 533 1655 descendere
555 1592 664 1655 instar
679 1591 807 1674 Helye,
830 1590 883 1654 IV
903 1591 998 1673 Reg.
1014 1589 1128 1671 primo
1184 1604 1223 1647 the
1238 1616 1302 1682 cong

139 1698 183 1758 ad
217 1696 467 1760 vindicandum
499 1698 543 1760 de
568 1695 794 1760 Samaritanis
830 1694 1044 1776 negantibus
1077 1694 1128 1757 eis
1143 1658 1336 1803 ciiaeffiqiw

138 1801 346 1873 necessaria,
358 1801 474 1864 cibum
486 1810 523 1865 et
531 1801 722 1882 tegumina,
737 1811 777 1864 ut
786 1800 988 1883 patetLuce
998 1799 1065 1879 IX,
1076 1803 1127 1879 56,
1229 1774 1268 1804 ’ω’

138 1904 206 1967 iste
244 1906 388 1969 Pseudo
413 1907 601 1970 deficiente
644 1907 815 1969 materiali
859 1905 979 1988 gladio
1024 1904 1129 1988 fingit

100 2009 272 2078 15fulmen
295 2013 525 2076 anathematis
547 2012 582 2074 in
607 2032 681 2093 eos,
706 2012 766 2094 qui
789 2013 915 2075 nolunt
931 2031 994 2074 sue
1010 2019 1126 2094 tyran·

138 2113 210 2177 nidi
243 2117 400 2198 obedire,
433 2117 484 2181 sic
508 2119 605 2199 quod
636 2117 698 2179 ubi
730 2116 891 2181 Christus
924 2117 1010 2180 dicit
1042 2134 1126 2178 suos

139 2218 334 2300 discipulos
366 2240 447 2284 esse
479 2222 681 2303 spirituales
713 2221 798 2284 nulli
826 2221 1017 2297 obnoxios,
1050 2240 1128 2283 cum

137 2323 209 2404 ipse
231 2343 298 2388 reon
321 2327 410 2388 venit
432 2329 572 2390 animos
590 2328 737 2408 perdere
759 2328 820 2390 sed
839 2328 987 2406 salvare,
1011 2334 1052 2389 ut
1073 2323 1124 2388 ibi

139 2428 276 2507 dicitur,
299 2430 368 2493 iste
391 2430 536 2494 Pseudo
560 2451 626 2514 pro
650 2431 780 2494 nichilo
797 2430 916 2514 perdit
938 2439 1124 2511 utramque

97 2568 128 2601 20
137 2532 245 2596 vitam
267 2535 510 2618 multiplicium
535 2536 733 2600 animarum.

180 2636 294 2720 Nono,
312 2639 373 2702 ubi
390 2639 550 2704 Christus
574 2640 660 2704 dicit
683 2641 717 2703 in
735 2661 799 2704 suo
810 2641 993 2724 Apostolo
1013 2640 1125 2722 prima
1175 2663 1202 2749 l9·
1217 2650 1310 2748 thpistb

138 2740 217 2805 Cor.
236 2742 297 2820 VI,
322 2765 338 2824 7
365 2747 463 2827 quod
485 2748 624 2808 omuino
648 2751 695 2808 esi
710 2748 870 2809 delicium
893 2745 928 2809 in
945 2745 1125 2828 gentibus,
1150 2715 1324 2853 “affligis

59 2870 111 2931 ιςμι
139 2848 235 2928 quod
272 2850 402 2913 iudicio
423 2847 620 2935 {secularia
652 2852 702 2913 sie
733 2856 890 2929 exercent,
929 2871 1008 2913 cum
1045 2851 1126 2932 ipse
1175 2817 1303 2923 {issi

138 2951 256 3014 renuit
288 2955 359 3015 tale
396 2954 572 3033 iudicium,
610 2964 649 3017 ut
680 2963 780 3037 patet
812 2955 909 3018 Luce
940 2954 1026 3034 XII,
1058 2955 1127 3017 iste
1164 2922 1319 3022 iditiffiiitii.

99 3056 284 3124 25Pseudo
301 3059 462 3122 hortatur
485 3060 552 3123 viis
577 3069 613 3123 et
628 3061 742 3123 modis
767 3062 922 3123 scolares
944 3080 1029 3123 suos
1046 3080 1127 3123 con·

138 3163 297 3243 tendere,
328 3164 450 3227 dicens
483 3167 581 3247 quod
605 3166 762 3229 condidit
788 3166 1002 3249 multiplices
1025 3168 1127 3248 leges

139 3287 256 3329 sacras
279 3268 432 3333 ecclesie
457 3279 494 3333 et
517 3270 694 3334 ordinavit
721 3280 879 3355 satrapas
908 3273 953 3335 ad
976 3273 1127 3354 comple·

138 3382 295 3436 mentum
318 3374 397 3437 talis
417 3374 571 3447 iusticie;
595 3376 677 3439 ideo
702 3377 795 3441 sicut
811 3377 1128 3440 excomunicantur

139 3478 199 3559 qui
218 3477 418 3561 impediunt
432 3480 574 3564 pugiles
591 3481 755 3558 ecclesie,
779 3482 839 3564 qui
855 3484 981 3544 volunt
997 3479 1128 3563 exequi

98 3600 129 3650 30
139 3582 215 3646 eius
230 3583 314 3656 iura,
332 3584 383 3648 sic
401 3586 716 3650 excomunicantur
731 3587 884 3650 iniuriati
900 3587 936 3650 in
950 3586 1127 3670 paciendo

138 3685 290 3770 iniurias,
323 3709 401 3752 cum
434 3693 481 3753 ob
505 3699 688 3774 torporem
713 3711 835 3755 eorum
861 3693 964 3774 leges
988 3702 1024 3755 et
1047 3711 1128 3773 pos·

138 3793 320 3858 sessiones
345 3795 497 3858 ecclesie
514 3805 597 3859 sunt
613 3797 782 3862 extincte.
806 3796 912 3860 Unde
927 3797 1128 3879 Apostolus

138 3897 275 3962 dicens:
304 3898 420 3981 Quare
441 3919 509 3964 nore
532 3903 649 3983 magis
667 3903 837 3965 iniuriam
850 3903 1040 3984 patimini?
1062 3922 1129 3985 per

192 4138 214 4186 5.
228 4153 265 4184 rer
279 4140 301 4184 in
316 4141 387 4187 codd.
476 4153 498 4198 9.
513 4142 555 4186 ΑΒ
582 4142 606 4186 in
631 4154 718 4197 marg:
740 4142 762 4186 8.
831 4155 862 4187 21.
887 4143 928 4186 ΑΒ
952 4144 975 4187 in
1001 4155 1088 4198 marg:
1104 4154 1127 4199 9.

140 4210 174 4256 25.
189 4211 243 4255 AB:
258 4215 360 4256 ortatur.

193 4339 234 4390 33.
254 4338 270 4388 1.
291 4338 350 4390 Cor.
363 4339 406 4406 vl,
426 4354 450 4404 7.
