3008 5026
151 1659 204 1704 God
220 1659 304 1702 lrnows

137 1725 181 1756 our
196 1711 316 1773 nerium

131 1766 323 1861 nstrata

664 440 834 492 muamus
853 438 994 491 wreus
1173 423 1255 505 [cnr.
1272 435 1325 479 vu.

338 598 451 662 carius
481 618 528 660 ex
555 597 648 660 fastu
675 598 734 661 vel
761 596 910 660 avaricia
937 597 988 659 sic
1015 597 1148 661 ducere
1176 616 1327 680 gregem

339 703 481 767 Domini
504 722 573 786 per
587 704 747 784 abrupta,
773 722 851 765 cum
868 709 994 783 posset
1017 701 1178 765 securius
1197 702 1232 765 in
1247 721 1327 784 pas·

339 807 414 871 cuis
451 827 538 890 quas
567 805 727 871 Christus
754 805 905 870 instituit
937 808 1067 869 ducere
1096 825 1186 869 oves
1225 809 1327 870 suas?

340 911 508 977 Securius
532 910 612 973 dico
637 918 787 993 propter
809 909 939 972 dietam
962 930 983 973 a
1013 909 1145 973 morbis
1176 910 1329 992 putridis

340 1024 619 1099 preservantem,
639 1024 788 1098 propter
807 1013 1010 1077 facilitatem
1028 1013 1174 1078 tenendi
1193 1015 1237 1076 ad
1250 1020 1354 1096 pas-5

341 1140 406 1184 cua
416 1139 559 1201 semper
575 1119 999 1201 virenciapreparantem,
1011 1128 1048 1182 et
1057 1127 1208 1201 propter
1230 1138 1329 1183 secu·

339 1224 478 1288 ritatem
488 1222 791 1286 insultuslatronis
798 1231 835 1285 et
844 1222 1056 1286 malebestie
1070 1223 1331 1289 excludentem.

342 1326 402 1393 Sic
435 1328 526 1391 enim
559 1329 717 1410 prudens
749 1327 999 1409 paterfamilias
1031 1326 1180 1391 seminat
1207 1346 1331 1390 semen

340 1437 472 1498 bonum
496 1453 569 1496 non
590 1432 684 1495 inter
706 1433 836 1515 spinas,
863 1453 908 1496 ne
931 1453 979 1496 ex
1002 1453 1121 1496 earum
1148 1442 1331 1497 cremento

340 1539 481 1622 frugum
504 1537 682 1601 contrario
706 1536 908 1602 suffocetur.
947 1537 1022 1602 Scit
1045 1537 1137 1601 enim
1160 1539 1259 1602 Deus
1281 1539 1330 1602 in·
1345 1556 1375 1591 ¹0

339 1644 474 1708 firmum
508 1651 636 1707 statum
665 1661 730 1704 sue
757 1640 897 1723 familie,
930 1643 1111 1724 quomodo
1139 1662 1254 1724 prona
1276 1651 1333 1708 est

341 1749 385 1811 ad
417 1746 533 1811 omnia
562 1749 765 1809 morborum
803 1764 947 1826 genera,
985 1746 1067 1809 ideo
1105 1755 1144 1809 ut
1176 1767 1332 1811 summus

342 1853 499 1916 medicus
522 1850 674 1933 iniungit
698 1851 835 1930 dietam,
858 1870 929 1933 que
951 1851 1036 1914 licet
1058 1851 1221 1915 videatur
1246 1851 1333 1915 anti-

343 1956 476 2021 christo
492 1956 655 2019 Romano
673 1955 859 2035 contraria,
881 1962 936 2018 est
952 1964 1069 2019 tamen
1086 1956 1192 2019 statui
1207 1964 1332 2020 nostro

342 2061 456 2145 fragili
472 2079 606 2123 summe
624 2079 789 2123 consona.
812 2059 900 2123 Nam
920 2059 1073 2142 iniungit
1088 2060 1193 2125 nobis
1213 2061 1333 2143 quoad
1347 2063 1375 2112 ¹5

342 2174 471 2230 statum
499 2164 821 2246 exproprietarium
848 2164 1050 2246 relinquere
1078 2164 1209 2243 omnia3
1234 2166 1333 2248 quod

342 2273 513 2334 debemus
536 2288 603 2331 nos
627 2269 738 2331 curati
760 2268 889 2350 facere,
913 2268 1078 2333 viventes
1101 2289 1189 2352 pure
1213 2271 1258 2332 de
1275 2271 1333 2332 de·

342 2374 451 2450 cimis,
480 2372 726 2436 oblacionibus
751 2382 788 2435 et
810 2372 961 2454 privatis
985 2373 1188 2437 elemosinis
1214 2374 1333 2457 layco-

341 2499 427 2544 rum.
464 2478 510 2541 Et
537 2477 617 2558 quia
642 2496 720 2539 cum
742 2477 803 2539 illo
826 2485 920 2540 statu
950 2477 1237 2559 exproprietario
1263 2487 1334 2542 stat

343 2582 612 2646 elemosinarum
637 2581 769 2657 abusio,
792 2581 875 2643 ideo
899 2583 1092 2644 secundum
1116 2584 1257 2645 beatum
1277 2582 1380 2662 Je-zo

342 2687 513 2750 ronimum
546 2685 677 2748 Petrus
709 2685 878 2767 adiungit,
918 2686 1015 2767 quod
1048 2685 1246 2767 perfectum
1279 2697 1335 2750 est

344 2791 480 2855 scilieet
496 2799 623 2852 statum
640 2809 785 2870 morum,
811 2791 893 2852 dum
909 2789 1007 2852 dicit:
1031 2789 1074 2852 Et
1088 2791 1193 2852 secuti
1213 2810 1336 2854 sumus

343 2902 383 2975 te,
408 2895 483 2959 sine
506 2895 576 2955 hoc
600 2893 692 2955 enim
716 2913 787 2955 non
810 2901 935 2975 potest
957 2913 1038 2955 esse
1062 2895 1155 2956 salus
1170 2893 1335 2961 fidelium.

345 2999 418 3064 Sed
433 2999 536 3078 illius,
553 2998 615 3080 qui
629 2998 772 3080 reliquit
787 2998 911 3077 omnia,
932 3008 987 3062 est
1003 3007 1117 3061 status
1133 2997 1336 3080 perfeccior

344 3122 448 3186 quam
479 3102 692 3165 remanentis
723 3102 758 3164 in
792 3107 925 3177 seculo,
959 3103 1041 3183 quia
1068 3101 1174 3165 statui
1198 3106 1378 3166 summo²5

344 3205 589 3289 propinquior.
608 3205 715 3269 istam
727 3216 842 3269 autem
855 3205 858 3290 l
871 3206 1052 3268 materiam
1066 3207 1173 3268 decet
1185 3216 1335 3272 cunctos
1366 3214 1426 3258 20²¹

343 3312 469 3374 fideles
490 3329 720 3392 cognoscere,
744 3309 826 3392 quia
847 3309 990 3372 caucius
1007 3312 1185 3372 cavebunt
1205 3330 1224 3372 a
1241 3311 1335 3393 lupis

346 3416 405 3498 qui
432 3415 580 3477 veniunt
611 3415 646 3478 in
674 3415 897 3478 vestimentis
928 3414 1059 3495 ovium,
1092 3415 1251 3478 securius
1283 3435 1336 3480 se·

347 3527 499 3602 quentur
522 3518 652 3581 Christi
675 3519 831 3600 vestigia
853 3518 1005 3582 dimissis
1027 3518 1094 3581 viis
1117 3519 1337 3600 Antichristi,

347 3631 383 3686 et
406 3622 622 3705 prudencius
645 3622 894 3703 preparabitur
914 3623 957 3684 ad
974 3622 1244 3686 discredendum
1263 3624 1336 3686 suis
1349 3629 1381 3679 30

345 3727 538 3791 blasfemiis
566 3736 604 3788 et
629 3729 674 3788 ab
699 3726 899 3789 adhibendo
924 3725 992 3789 sibi
1015 3727 1130 3790 cultus
1157 3726 1337 3792 indebitos

347 3841 385 3894 et
407 3851 631 3895 consensum.

403 4066 435 4097 ro.
450 4051 590 4110 suffocetur:
606 4065 638 4095 sc.
654 4065 742 4096 semen.
813 4066 844 4107 14,
863 4053 950 4097 Codd.:
966 4054 1073 4097 Romani.
1143 4065 1179 4109 ²9·
1195 4052 1285 4097 codd:
1300 4053 1337 4096 di·

350 4125 506 4166 minitantis.
581 4122 618 4167 30.
631 4123 816 4179 preparabitur,-
831 4123 903 4167 adde:
919 4125 964 4166 via.

403 4264 443 4298 22.
463 4249 552 4300 Matth.
571 4249 637 4314 XIX,
659 4263 698 4316 27.
