3008 5026
190 394 259 437 cnr.
278 380 340 460 xri]
492 397 535 445 nl:
556 397 765 446 nottestane
785 397 881 448 luviz.

189 554 325 617 tutibus
349 552 440 618 datis
464 572 483 615 a
506 552 670 622 Domino,
699 552 783 616 licet
805 561 923 616 tamen
946 553 997 616 eis
1025 553 1075 616 uti
1102 574 1168 635 pro

190 670 363 741 tempore,
388 667 426 720 ut
449 666 549 739 patet
573 659 618 720 de
642 659 822 740 Apostolo
847 659 929 721 Act.
952 657 1058 722 XXI.

233 764 278 827 Et
311 772 477 845 quantum
510 764 553 824 ad
585 761 650 824 alia
681 762 880 844 privilegia,
919 773 959 826 ut
992 762 1175 826 licenciam
1200 760 1379 816 ⁰¹³v²¹¹⁵⁸¹i⁰¹¹⁸

1187 825 1213 857 ns
1227 822 1251 857 to
1261 816 1392 860 ordination

188 867 285 930 varie
297 867 498 929 celebrandi
510 866 816 949 dispensacionem
828 887 905 929 cum
916 866 1177 949 irregularibus
1187 877 1225 961 αξξ
1238 871 1387 977 ffiifffil,

164 971 338 1053 5bigamis
362 981 398 1035 et
422 971 620 1055 coniugatis
645 972 689 1033 ad
712 971 953 1034 sacerdocium
977 973 1035 1035 vel
1063 970 1392 1076 mat‘³·assll‡l'1ll0‘lm

189 1077 340 1139 monium
370 1097 447 1139 cum
479 1075 623 1137 infinitis
655 1075 854 1138 huiusmodi
885 1076 1095 1155 adinventis,
1128 1076 1176 1140 vi·
1238 1078 1339 1121 ΜΝ·

188 1182 291 1243 detur
306 1180 410 1243 michi
426 1180 522 1262 quod
534 1180 634 1242 Deus
648 1200 736 1262 sepe
753 1180 937 1262 dispensat
948 1201 1025 1244 cum
1036 1181 1176 1244 talibus

97 1289 160 1342 255‘¹
188 1283 260 1348 Sed
283 1286 351 1347 hoc
376 1305 422 1346 ex
445 1285 515 1347 fide
538 1283 639 1366 capio
664 1285 760 1366 quod
780 1305 852 1346 non
872 1283 876 1368 Ι
896 1285 980 1348 licet
995 1305 1090 1367 pape
1112 1286 1174 1347 vel

186 1389 318 1451 homini
342 1388 550 1470 dispensare
565 1389 601 1451 in
618 1408 844 1470 quocumque
861 1409 939 1451 cum
957 1389 1084 1472 alique,
1107 1389 1175 1452 nisi

148 1515 177 1546 ιο
187 1494 288 1555 Deus
317 1493 502 1575 dispenset
529 1502 611 1555 ante
640 1512 681 1555 ea
704 1492 739 1554 in
764 1493 903 1569 eodem,
930 1492 982 1555 sic
1005 1494 1102 1574 quod
1125 1493 1174 1554 vi-

188 1596 301 1659 carius
330 1595 459 1660 Christi
490 1596 699 1679 dispensans
736 1595 772 1658 in
809 1596 936 1658 talibus
970 1606 1024 1659 est
1057 1598 1172 1659 nudus

187 1699 306 1762 divine
329 1700 512 1763 sentencie
535 1701 788 1783 promulgator,
816 1699 898 1781 quia
921 1720 1000 1762 cum
1023 1720 1094 1764 non
1117 1701 1175 1762 de·

187 1805 347 1885 pendent
369 1804 668 1867 sacramentaliter
692 1824 711 1866 a
733 1822 798 1866 suo
822 1803 950 1881 officio,
974 1824 1046 1867 non
1063 1814 1176 1868 restat

187 1907 255 1970 sibi
278 1907 431 1971 medium
453 1907 681 1991 dispensandi
708 1907 775 1970 nisi
802 1927 868 1991 per
890 1909 1032 1971 modum
1061 1907 1175 1971 meriti

147 2013 244 2074 ovet
269 2012 497 2076 discrecionis
518 2011 766 2095 promulgandi
782 2031 853 2075 non
870 2031 950 2076 esse
970 2012 1175 2094 periculum.

185 2115 291 2178 Unde
323 2116 405 2199 quia
436 2118 528 2180 solet
559 2133 640 2178 esse
671 2115 707 2178 in
738 2135 831 2198 papa
863 2115 973 2179 maior
1005 2116 1174 2180 sanctitas

187 2229 292 2302 atque
322 2220 507 2297 discrecio,
538 2220 621 2282 ideo
650 2220 744 2282 solet
770 2222 893 2302 laycus
918 2219 954 2282 in
976 2220 1107 2283 talibus
1131 2221 1173 2284 ad

187 2344 315 2406 papam
352 2343 548 2400 recurrere,
587 2333 623 2387 et
660 2324 764 2386 modo
801 2332 1003 2405 reputatum
1042 2333 1097 2387 est
1135 2334 1175 2387 ut

188 2438 443 2491 sacramentum
466 2427 720 2491 divinissimum
744 2429 841 2509 quod
863 2428 907 2489 ad
929 2447 1008 2490 eum
1034 2436 1174 2511 spectat

146 2553 177 2587 πο
189 2532 414 2617 singulariter
441 2532 509 2594 ista
538 2532 751 2601 concedere;
785 2531 927 2594 videtur
956 2531 1047 2595 enim
1080 2534 1175 2613 quod

187 2635 255 2698 ista
280 2636 395 2718 primo
413 2636 642 2710 discerneret,
667 2635 696 2697 si
713 2634 783 2697 sint
798 2633 1021 2697 racionabilia
1043 2645 1079 2698 et
1103 2635 1173 2698 edi·

187 2740 326 2803 ficativa
359 2740 522 2817 ecclesie,
555 2740 636 2822 quia
667 2748 783 2802 stante
813 2738 990 2801 contrario
1018 2759 1090 2802 non
1113 2741 1173 2801 ob·

188 2854 302 2908 stante
315 2864 377 2906 sua
388 2843 632 2918 concessione,
644 2852 711 2905 tam
723 2843 801 2924 ipse
812 2862 915 2924 quam
926 2843 1173 2925 privilegiatus

187 2949 395 3031 deceptorie
419 2959 474 3011 est
496 2949 531 3011 in
556 2949 667 3028 culpa.
692 2947 798 3028 Quod
818 2947 848 3009 si
864 2948 935 3011 sint
949 2947 1174 3010 racionabilia

144 3062 224 3116 25et
251 3054 476 3130 edificatoria,
505 3053 716 3135 quicumque
744 3051 1024 3135 promulgaverit
1052 3072 1171 3115 eorum
1206 3093 1249 3137 W,
1265 3107 1316 3150 may
1332 3096 1362 3138 d,

186 3157 379 3236 licenciam,
403 3178 485 3240 ymo
511 3159 586 3219 sola
607 3157 750 3219 racione
774 3165 942 3219 movente
962 3165 1018 3219 est
1040 3154 1172 3219 licitum
1244 3149 1306 3190 ‘⁹¹¹³‘
1320 3147 1340 3189 ³⁵

1215 3200 1352 3242 reasonable

187 3264 380 3324 secundum
402 3262 460 3323 illa
482 3262 690 3342 procedere,
715 3281 793 3322 cum
809 3259 910 3324 Deus
926 3279 992 3342 per
1008 3279 1047 3322 se
1068 3258 1173 3322 faciat
1201 3250 1247 3292 ²¹³⁶
1262 3250 1365 3311 ‘dlsl'ilss

1187 3301 1284 3344 without
1298 3303 1383 3346 lucense

184 3367 252 3428 hec
276 3365 394 3442 licere,
422 3384 488 3428 nec
512 3373 635 3447 potest
661 3363 801 3426 fundari
825 3384 872 3425 ex
894 3363 1053 3426 humanis
1069 3362 1172 3425 tradi·
1213 3355 1357 3408 ⁰fl'‘'³¹‘⁵·

186 3469 348 3533 cionibus
371 3468 569 3532 adinventis
594 3469 690 3551 quod
715 3477 860 3551 oportet
883 3487 1012 3549 capere
1028 3486 1171 3550 genera·

144 3574 266 3637 soliter
293 3574 343 3638 sic
372 3595 391 3637 a
418 3573 563 3656 prelatis
590 3573 781 3652 licenciam,
810 3573 868 3634 vel
892 3573 988 3653 quod
1012 3571 1096 3635 licet
1120 3571 1171 3633 eis

186 3680 236 3741 sic
252 3678 503 3761 restringendo
520 3686 737 3760 potestatem
758 3675 883 3759 populi
901 3678 958 3737 vel
980 3674 1172 3759 presbiteri

184 3783 221 3844 in
248 3783 381 3845 neutris
413 3783 472 3844 vel
502 3780 608 3845 licitis
637 3802 682 3844 ex
709 3781 780 3843 fide
808 3779 994 3862 scripture,
1028 3799 1170 3842 servare

186 3886 253 3949 sibi
275 3885 455 3949 licenciam
479 3886 523 3947 ad
546 3886 811 3968 procedendum
840 3883 877 3946 in
899 3883 1028 3946 talibus
1053 3882 1169 3966 singu·

184 3991 305 4054 lariter
335 3992 393 4053 vel
426 3991 523 4072 quod
556 3991 656 4053 aliter
688 3988 931 4054 obedienciam
964 3987 1066 4050 istam
1099 4007 1170 4049 non

144 4105 174 4159 35
185 4095 329 4177 faciens,
347 4096 456 4158 eciam
471 4098 667 4178 plusquam
684 4102 834 4178 propter
848 4091 1169 4176 prevaricacionem

186 4200 349 4282 decalogi
380 4200 555 4283 puniatur,
589 4199 670 4282 quia
703 4198 891 4262 cuiuslibet
925 4195 1103 4259 christiani
1135 4204 1170 4258 et

187 4304 391 4388 specialiter
417 4304 543 4387 prelati
571 4313 626 4367 est
654 4303 818 4387 ampliare
840 4311 947 4384 atque
975 4301 1170 4364 defendere
