3008 5026
181 402 251 446 cue.
270 389 333 468 xit]
485 406 527 454 nr
548 404 758 454 potuemus:
778 406 876 454 PnPE.

1327 403 1385 463 37ι

226 560 300 623 Sed
334 569 473 623 constat
505 559 637 623 sciolos
670 561 767 642 quod
798 579 870 622 non
894 569 950 622 est
974 560 1087 622 color:
1133 556 1392 622 SiTodosoirnot

1222 630 1245 664 ro
1260 622 1303 665 rob
1317 622 1356 664 tbe

181 666 310 726 beatus
332 662 402 727 iste
425 662 510 726 dicit
534 665 630 745 quod
653 663 834 746 principes
857 664 991 726 debent
1008 661 1111 737 tueri,
1136 668 1172 723 et
1195 673 1289 717 cumen
1305 672 1345 716 tur
1359 679 1384 717 ιο

181 786 254 829 non
279 766 365 830 dicit
387 768 484 849 quod
509 768 642 830 debent
665 766 820 850 spoliare
844 765 1040 844 ecclesiam,
1063 766 1173 851 igitur

182 891 256 933 non
287 871 372 934 licet
404 871 455 934 eis
489 891 535 933 ex
569 871 712 935 caritate
745 871 1000 935 medicinaliter
1033 869 1171 933 auferre

158 975 393 1059 §temporalia
424 979 470 1040 ab
499 975 651 1038 ecclesia
674 975 913 1058 delinquente.
953 973 1054 1039 Sicut
1082 973 1174 1037 enim

183 1100 309 1164 magna
343 1087 398 1142 est
431 1080 602 1143 distancia
634 1080 726 1144 inter
754 1083 868 1144 celum
893 1089 928 1143 et
951 1089 1090 1160 terram,
1122 1078 1174 1141 sic

184 1188 330 1249 multum
347 1185 478 1248 distant
492 1185 686 1267 predanter
702 1185 856 1268 spoliare
868 1195 904 1249 et
920 1183 1175 1248 medicinaliter

184 1292 236 1355 sic
275 1290 425 1356 auferre.
469 1289 559 1353 Ideo
597 1300 739 1355 notaret
776 1290 827 1354 sic
869 1310 1034 1373 arguens,
1077 1290 1174 1371 quod

184 1407 327 1460 sanctus
351 1397 479 1458 doctor
494 1394 593 1458 dicit:
617 1395 796 1477 Principes
819 1397 936 1459 debere
958 1396 1048 1459 tueri
1071 1395 1173 1458 ecclc-

142 1502 286 1579 rosiom,
317 1520 384 1564 uon
416 1501 498 1563 dicit
529 1502 648 1563 dolore
680 1503 915 1584 temporaliter
945 1502 996 1565 orl
1023 1500 1173 1583 ditaret

88 1613 154 1668 253⁵
184 1606 291 1669 Unde
322 1605 433 1669 maior
469 1605 661 1668 elemosina
698 1605 794 1668 foret
830 1605 1051 1689 principibus
1083 1602 1175 1668 tueri

185 1708 371 1773 ecclesiam
402 1709 438 1772 in
469 1709 639 1774 limitibus
669 1708 853 1792 religionis
885 1729 988 1792 quam
1013 1708 1174 1772 Christus

182 1813 334 1878 instituit
357 1835 462 1896 quam
485 1815 568 1878 dare
591 1812 659 1879 sibi
676 1814 931 1897 quantamlibet
947 1812 1173 1877 elemosinam

184 1920 423 2001 corporalem3
449 1928 486 1981 et
507 1921 577 1982 hoc
600 1928 763 2002 possunt,
787 1938 865 1981 cum
889 1928 1042 2001 possunt
1058 1919 1173 2001 culpa·

142 2022 304 2086 15biliter
334 2025 402 2087 hos
434 2023 613 2106 privilegii
652 2023 781 2087 limites
819 2044 885 2107 per
917 2023 1083 2087 accidens
1117 2024 1174 2086 de·

185 2137 334 2205 struere,
372 2139 408 2192 et
446 2149 512 2211 per
544 2148 772 2211 consequens
805 2138 958 2212 possunt
995 2128 1175 2192 meritorie

185 2233 333 2296 eosdem
371 2233 550 2318 privilegii
588 2232 717 2298 limites
761 2233 929 2299 stabilire.
976 2232 1047 2315 Qui
1083 2232 1175 2296 enirn

183 2337 292 2400 habet
324 2338 520 2402 secundum
552 2340 653 2423 leges
686 2338 832 2422 dyaboli
863 2338 1065 2401 facultatem
1092 2356 1174 2420 pec-

185 2441 298 2519 candi,
329 2443 438 2506 habet
470 2443 596 2526 pocius
627 2442 830 2508 facultatem
853 2445 1047 2506 secundum
1071 2443 1176 2524 leges

141 2574 174 2608 20
184 2546 256 2609 Dei
288 2545 356 2610 sibi
380 2556 416 2611 et
440 2548 593 2610 ecclesie
616 2547 851 2631 promerendi.
891 2546 979 2610 Ideo
1004 2546 1096 2610 sicut
1123 2566 1175 2609 se·

186 2652 323 2714 culares
355 2661 509 2733 possunt
541 2656 672 2717 obesse
706 2652 857 2716 ecclesie
880 2672 947 2735 per
974 2654 1116 2714 stultam
1141 2661 1177 2715 et

185 2758 380 2819 secularem
414 2757 636 2820 dominorum
666 2757 901 2832 dotacionem‚
940 2756 991 2819 sic
1023 2766 1177 2840 possunt

184 2859 321 2924 facilius
339 2871 445 2943 atque
460 2861 631 2925 licencius
651 2864 824 2944 prodesse
844 2862 998 2924 ecclesie
1014 2881 1080 2944 per
1095 2881 1176 2941 pru·

186 2965 328 3029 (lentem
353 2985 474 3029 eorum
503 2966 797 3031 subtraccionem.
835 2966 907 3028 Pro
932 2965 1176 3028 declaracione

141 3080 300 3134 rsautem
335 3071 575 3135 conclusionis
607 3072 768 3154 predicte
798 3070 901 3153 capio
937 3071 1035 3153 quod
1062 3077 1177 3135 status

186 3174 471 3257 exproprietarie
495 3175 651 3252 vivendi,
679 3175 715 3238 in
739 3195 810 3258 quo
834 3174 926 3237 vixit
953 3175 1071 3236 clerus
1095 3183 1177 3237 ante

186 3279 423 3356 dotacionem
457 3281 503 3343 sit
540 3280 665 3342 melior
699 3281 793 3342 clero
831 3288 939 3361 atque
976 3275 1178 3360 perfeccior

186 3404 288 3465 quam
322 3393 500 3466 quotquot
533 3386 713 3447 seculares
745 3382 866 3445 mundi
899 3381 1043 3456 divicie;
1081 3382 1177 3464 quod

186 3491 302 3569 probo
325 3508 392 3570 per
414 3490 484 3551 hoc
517 3489 614 3571 quod
642 3486 963 3570 proporcionaliter
986 3494 1025 3549 ut
1048 3484 1177 3567 aliquid

143 3603 175 3650 30
186 3591 324 3655 adiacet
355 3592 484 3656 viatori
515 3594 597 3675 plus
628 3592 745 3674 ipsum
777 3589 964 3655 habilitans
998 3589 1040 3651 ad
1068 3589 1177 3654 beati·

186 3697 345 3758 tudinem
378 3696 628 3779 acquirendam
662 3707 717 3759 est
753 3695 869 3776 ipsum
907 3694 1031 3757 melius
1071 3703 1177 3776 atque

186 3799 321 3880 utilius;
355 3803 421 3864 sed
445 3810 559 3864 status
583 3802 641 3863 ille
665 3801 838 3863 adfinem
862 3799 958 3863 illum
982 3798 1095 3880 magis
1120 3800 1177 3861 ha·

186 3902 310 3986 bilitat,
333 3905 443 3989 igitur
466 3914 522 3968 est
543 3904 689 3969 habenti
712 3905 794 3987 plus
821 3904 925 3968 utilis

230 4008 347 4072 Minor
363 4013 535 4093 probatur
552 4009 752 4092 tripliciter:
774 4008 889 4091 primo
914 4028 980 4091 per
995 4008 1064 4070 hoc
1081 4006 1178 4089 quod

144 4113 313 4178 351hesus
337 4125 461 4179 noster
476 4116 576 4179 aliter
598 4114 893 4179 inconvenienter
910 4114 1010 4177 daret
1025 4111 1177 4176 ecclesie

243 4366 279 4406 24.
295 4353 370 4397 Codd.
385 4355 408 4398 in
425 4365 511 4409 marn:
526 4354 608 4398 Status
621 4360 827 4409 exproprrelorrus
840 4359 875 4396 er!
887 4351 971 4396 melror
984 4351 1054 4396 clero.

1024 4423 1074 4486 24*

1222 732 1312 782 protect
1326 726 1352 771 ir.
