<?xml version="1.0" encoding="UTF-8"?>
<!DOCTYPE html PUBLIC "-//W3C//DTD XHTML 1.0 Transitional//EN"
    "http://www.w3.org/TR/xhtml1/DTD/xhtml1-transitional.dtd">
<html xmlns="http://www.w3.org/1999/xhtml" xml:lang="en" lang="en">
 <head>
  <title>
</title>
<meta http-equiv="Content-Type" content="text/html;charset=utf-8" />
  <meta name='ocr-system' content='tesseract 3.04.00' />
  <meta name='ocr-capabilities' content='ocr_page ocr_carea ocr_par ocr_line ocrx_word'/>
</head>
<body>
  <div class='ocr_page' id='page_1' title='image "./johanniswyclift00mattgoog/johanniswyclift00mattgoog_0172.png"; bbox 0 0 3008 5026; ppageno 0'>
   <div class='ocr_carea' id='block_1_1' title="bbox 136 341 828 431">
    <p class='ocr_par' dir='ltr' id='par_1_1' title="bbox 136 341 828 431">
     <span class='ocr_line' id='line_1_1' title="bbox 136 341 828 431; baseline 0.014 -27"><span class='ocrx_word' id='word_1_1' title='bbox 136 341 269 431; x_wconf 71' lang='lat' dir='ltr'>crevi]</span> <span class='ocrx_word' id='word_1_2' title='bbox 438 365 481 415; x_wconf 78' lang='lat' dir='ltr'>nu</span> <span class='ocrx_word' id='word_1_3' title='bbox 502 362 711 415; x_wconf 75' lang='lat' dir='ltr'>PoTesTnTe</span> <span class='ocrx_word' id='word_1_4' title='bbox 733 364 828 414; x_wconf 74' lang='grc' dir='ltr'>ΡΑΡΕ,</span> 
     </span>
    </p>
   </div>
   <div class='ocr_carea' id='block_1_2' title="bbox 59 521 1337 3628">
    <p class='ocr_par' dir='ltr' id='par_1_2' title="bbox 59 521 1337 3628">
     <span class='ocr_line' id='line_1_2' title="bbox 137 521 1126 604; baseline 0.001 -21"><span class='ocrx_word' id='word_1_5' title='bbox 137 522 179 583; x_wconf 82' lang='lat' dir='ltr'><strong>de</strong></span> <span class='ocrx_word' id='word_1_6' title='bbox 195 521 334 584; x_wconf 82' lang='lat' dir='ltr'>veritate</span> <span class='ocrx_word' id='word_1_7' title='bbox 349 526 379 585; x_wconf 86' lang='lat' dir='ltr'><strong>et</strong></span> <span class='ocrx_word' id='word_1_8' title='bbox 394 523 597 586; x_wconf 80' lang='lat' dir='ltr'>arrcloritote</span> <span class='ocrx_word' id='word_1_9' title='bbox 610 522 790 603; x_wconf 79' lang='lat' dir='ltr'><em>scripture.</em></span> <span class='ocrx_word' id='word_1_10' title='bbox 806 521 853 585; x_wconf 88' lang='lat' dir='ltr'>Et</span> <span class='ocrx_word' id='word_1_11' title='bbox 868 529 969 604; x_wconf 91' lang='lat' dir='ltr'>patet</span> <span class='ocrx_word' id='word_1_12' title='bbox 984 541 1031 584; x_wconf 82' lang='lat' dir='ltr'>ex</span> <span class='ocrx_word' id='word_1_13' title='bbox 1045 523 1126 603; x_wconf 87' lang='lat' dir='ltr'>hoc,</span> 
     </span>
     <span class='ocr_line' id='line_1_3' title="bbox 139 624 1125 708; baseline 0.003 -21"><span class='ocrx_word' id='word_1_14' title='bbox 139 625 236 707; x_wconf 93' lang='lat' dir='ltr'>quod</span> <span class='ocrx_word' id='word_1_15' title='bbox 257 624 350 688; x_wconf 91' lang='lat' dir='ltr'>idem</span> <span class='ocrx_word' id='word_1_16' title='bbox 380 637 479 690; x_wconf 91' lang='lat' dir='ltr'>esset</span> <span class='ocrx_word' id='word_1_17' title='bbox 500 625 683 708; x_wconf 85' lang='lat' dir='ltr'>parificare</span> <span class='ocrx_word' id='word_1_18' title='bbox 714 645 836 688; x_wconf 90' lang='lat' dir='ltr'>eorum</span> <span class='ocrx_word' id='word_1_19' title='bbox 860 625 953 690; x_wconf 89' lang='lat' dir='ltr'>dicta</span> <span class='ocrx_word' id='word_1_20' title='bbox 976 626 1125 690; x_wconf 90' lang='lat' dir='ltr'>auctori·</span> 
     </span>
     <span class='ocr_line' id='line_1_4' title="bbox 138 729 1337 813; baseline -0.002 -20"><span class='ocrx_word' id='word_1_21' title='bbox 138 729 201 793; x_wconf 90' lang='lat' dir='ltr'>tati</span> <span class='ocrx_word' id='word_1_22' title='bbox 225 729 410 812; x_wconf 76' lang='lat' dir='ltr'>scripture,</span> <span class='ocrx_word' id='word_1_23' title='bbox 435 739 471 792; x_wconf 91' lang='lat' dir='ltr'><strong>et</strong></span> <span class='ocrx_word' id='word_1_24' title='bbox 495 750 655 794; x_wconf 85' lang='lat' dir='ltr'><strong>asserere</strong></span> <span class='ocrx_word' id='word_1_25' title='bbox 680 731 777 813; x_wconf 92' lang='lat' dir='ltr'>quod</span> <span class='ocrx_word' id='word_1_26' title='bbox 803 729 957 813; x_wconf 85' lang='lat' dir='ltr'><strong>Spiritus</strong></span> <span class='ocrx_word' id='word_1_27' title='bbox 973 729 1126 795; x_wconf 91' lang='lat' dir='ltr'>Sanctus</span> <span class='ocrx_word' id='word_1_28' title='bbox 1146 746 1337 808; x_wconf 58' lang='lat' dir='ltr'>noruavenen</span> 
     </span>
     <span class='ocr_line' id='line_1_5' title="bbox 139 800 1329 917; baseline -0.001 -21"><span class='ocrx_word' id='word_1_29' title='bbox 139 843 176 897; x_wconf 93' lang='lat' dir='ltr'><strong>et</strong></span> <span class='ocrx_word' id='word_1_30' title='bbox 197 835 325 914; x_wconf 89' lang='lat' dir='ltr'>Jhesus</span> <span class='ocrx_word' id='word_1_31' title='bbox 348 842 472 897; x_wconf 90' lang='lat' dir='ltr'>noster</span> <span class='ocrx_word' id='word_1_32' title='bbox 493 835 560 897; x_wconf 92' lang='lat' dir='ltr'>hec</span> <span class='ocrx_word' id='word_1_33' title='bbox 584 834 618 896; x_wconf 92' lang='lat' dir='ltr'>in</span> <span class='ocrx_word' id='word_1_34' title='bbox 642 834 730 917; x_wconf 92' lang='lat' dir='ltr'>ipsis</span> <span class='ocrx_word' id='word_1_35' title='bbox 753 835 917 916; x_wconf 90' lang='lat' dir='ltr'>loquitur.</span> <span class='ocrx_word' id='word_1_36' title='bbox 957 833 1031 899; x_wconf 89' lang='lat' dir='ltr'>Sed</span> <span class='ocrx_word' id='word_1_37' title='bbox 1054 835 1128 899; x_wconf 89' lang='lat' dir='ltr'>vite</span> <span class='ocrx_word' id='word_1_38' title='bbox 1151 800 1262 913; x_wconf 48' lang='lat' dir='ltr'>cmii</span> <span class='ocrx_word' id='word_1_39' title='bbox 1272 811 1329 895; x_wconf 64' lang='lat' dir='ltr'>iiii</span> 
     </span>
     <span class='ocr_line' id='line_1_6' title="bbox 115 902 1322 1022; baseline -0.002 -21"><span class='ocrx_word' id='word_1_40' title='bbox 115 950 262 1002; x_wconf 67' lang='lat' dir='ltr'>§eorum</span> <span class='ocrx_word' id='word_1_41' title='bbox 274 939 470 1020; x_wconf 82' lang='lat' dir='ltr'>elongacio‚</span> <span class='ocrx_word' id='word_1_42' title='bbox 487 939 670 1002; x_wconf 87' lang='lat' dir='ltr'><strong>sentencie</strong></span> <span class='ocrx_word' id='word_1_43' title='bbox 688 937 914 1003; x_wconf 90' lang='lat' dir='ltr'>contrariacio</span> <span class='ocrx_word' id='word_1_44' title='bbox 931 948 968 1002; x_wconf 92' lang='lat' dir='ltr'><strong>et</strong></span> <span class='ocrx_word' id='word_1_45' title='bbox 982 939 1129 1022; x_wconf 90' lang='lat' dir='ltr'>propria</span> <span class='ocrx_word' id='word_1_46' title='bbox 1164 902 1322 1016; x_wconf 52' lang='lat' dir='ltr'>litigii?</span> 
     </span>
     <span class='ocr_line' id='line_1_7' title="bbox 141 1007 1308 1126; baseline 0.002 -21"><span class='ocrx_word' id='word_1_47' title='bbox 141 1042 321 1105; x_wconf 87' lang='lat' dir='ltr'>confessio</span> <span class='ocrx_word' id='word_1_48' title='bbox 356 1042 617 1122; x_wconf 89' lang='lat' dir='ltr'>contradicunt;</span> <span class='ocrx_word' id='word_1_49' title='bbox 650 1041 777 1106; x_wconf 89' lang='lat' dir='ltr'>vivunt</span> <span class='ocrx_word' id='word_1_50' title='bbox 800 1043 891 1107; x_wconf 90' lang='lat' dir='ltr'>enim</span> <span class='ocrx_word' id='word_1_51' title='bbox 914 1045 1130 1126; x_wconf 88' lang='lat' dir='ltr'><strong>voluptuose</strong></span> <span class='ocrx_word' id='word_1_52' title='bbox 1179 1007 1308 1063; x_wconf 73' lang='lat' dir='ltr'>scnpnre.</span> 
     </span>
     <span class='ocr_line' id='line_1_8' title="bbox 142 1145 1131 1230; baseline 0.001 -20"><span class='ocrx_word' id='word_1_53' title='bbox 142 1155 179 1210; x_wconf 90' lang='lat' dir='ltr'>et</span> <span class='ocrx_word' id='word_1_54' title='bbox 207 1167 323 1210; x_wconf 92' lang='lat' dir='ltr'>sermo</span> <span class='ocrx_word' id='word_1_55' title='bbox 353 1167 476 1211; x_wconf 90' lang='lat' dir='ltr'>eorum</span> <span class='ocrx_word' id='word_1_56' title='bbox 499 1147 593 1230; x_wconf 91' lang='lat' dir='ltr'>sapit</span> <span class='ocrx_word' id='word_1_57' title='bbox 616 1147 810 1211; x_wconf 86' lang='lat' dir='ltr'>avariciam.</span> <span class='ocrx_word' id='word_1_58' title='bbox 845 1145 918 1212; x_wconf 85' lang='lat' dir='ltr'>Sed</span> <span class='ocrx_word' id='word_1_59' title='bbox 942 1146 1131 1230; x_wconf 89' lang='lat' dir='ltr'>Sapiencie</span> 
     </span>
     <span class='ocr_line' id='line_1_9' title="bbox 141 1249 1131 1336; baseline 0.002 -23"><span class='ocrx_word' id='word_1_60' title='bbox 141 1251 167 1330; x_wconf 92' lang='lat' dir='ltr'>I,</span> <span class='ocrx_word' id='word_1_61' title='bbox 191 1271 209 1329; x_wconf 82' lang='lat'><strong>5</strong></span> <span class='ocrx_word' id='word_1_62' title='bbox 235 1249 372 1328; x_wconf 89' lang='lat' dir='ltr'>dicitur,</span> <span class='ocrx_word' id='word_1_63' title='bbox 396 1252 492 1335; x_wconf 92' lang='lat' dir='ltr'>quod</span> <span class='ocrx_word' id='word_1_64' title='bbox 511 1251 664 1333; x_wconf 80' lang='lat' dir='ltr'><em>Spiritus</em></span> <span class='ocrx_word' id='word_1_65' title='bbox 681 1251 827 1316; x_wconf 83' lang='lat' dir='ltr'>Sanctus</span> <span class='ocrx_word' id='word_1_66' title='bbox 849 1253 1028 1334; x_wconf 83' lang='lat' dir='ltr'><em>discipline</em></span> <span class='ocrx_word' id='word_1_67' title='bbox 1050 1253 1131 1336; x_wconf 82' lang='lat' dir='ltr'><strong>effu·</strong></span> 
     </span>
     <span class='ocr_line' id='line_1_10' title="bbox 136 1357 1131 1440; baseline 0.003 -22"><span class='ocrx_word' id='word_1_68' title='bbox 136 1358 208 1438; x_wconf 81' lang='lat' dir='ltr'>giet</span> <span class='ocrx_word' id='word_1_69' title='bbox 219 1358 355 1437; x_wconf 77' lang='lat' dir='ltr'>fictrrm,</span> <span class='ocrx_word' id='word_1_70' title='bbox 377 1358 459 1421; x_wconf 88' lang='lat' dir='ltr'>ideo</span> <span class='ocrx_word' id='word_1_71' title='bbox 483 1357 577 1440; x_wconf 91' lang='lat' dir='ltr'>perit</span> <span class='ocrx_word' id='word_1_72' title='bbox 597 1358 667 1421; x_wconf 91' lang='lat' dir='ltr'>illis</span> <span class='ocrx_word' id='word_1_73' title='bbox 690 1357 875 1422; x_wconf 88' lang='lat' dir='ltr'>evidencia</span> <span class='ocrx_word' id='word_1_74' title='bbox 902 1357 1131 1435; x_wconf 84' lang='lat' dir='ltr'>auctoritatis,</span> 
     </span>
     <span class='ocr_line' id='line_1_11' title="bbox 103 1459 1132 1543; baseline 0.008 -26"><span class='ocrx_word' id='word_1_75' title='bbox 103 1485 131 1518; x_wconf 76' lang='grc' dir='ltr'>ιο</span> <span class='ocrx_word' id='word_1_76' title='bbox 142 1462 238 1543; x_wconf 90' lang='lat' dir='ltr'>quod</span> <span class='ocrx_word' id='word_1_77' title='bbox 255 1459 411 1543; x_wconf 89' lang='lat' dir='ltr'>Spiritus</span> <span class='ocrx_word' id='word_1_78' title='bbox 428 1460 580 1527; x_wconf 90' lang='lat' dir='ltr'>Sanctus</span> <span class='ocrx_word' id='word_1_79' title='bbox 597 1462 683 1526; x_wconf 90' lang='lat' dir='ltr'>dicit</span> <span class='ocrx_word' id='word_1_80' title='bbox 698 1462 733 1525; x_wconf 94' lang='lat' dir='ltr'>in</span> <span class='ocrx_word' id='word_1_81' title='bbox 749 1462 817 1526; x_wconf 87' lang='lat' dir='ltr'>illis</span> <span class='ocrx_word' id='word_1_82' title='bbox 833 1482 915 1526; x_wconf 90' lang='lat' dir='ltr'>suas</span> <span class='ocrx_word' id='word_1_83' title='bbox 931 1461 1132 1526; x_wconf 86' lang='lat' dir='ltr'>sentencias</span> 
     </span>
     <span class='ocr_line' id='line_1_12' title="bbox 59 1564 1134 1651; baseline 0.007 -29"><span class='ocrx_word' id='word_1_84' title='bbox 59 1572 115 1622; x_wconf 77' lang='lat'>188·</span> <span class='ocrx_word' id='word_1_85' title='bbox 144 1573 181 1628; x_wconf 92' lang='lat' dir='ltr'>et</span> <span class='ocrx_word' id='word_1_86' title='bbox 213 1584 290 1627; x_wconf 91' lang='lat' dir='ltr'>cum</span> <span class='ocrx_word' id='word_1_87' title='bbox 324 1565 359 1628; x_wconf 93' lang='lat' dir='ltr'>in</span> <span class='ocrx_word' id='word_1_88' title='bbox 382 1565 522 1630; x_wconf 89' lang='lat' dir='ltr'>Christo</span> <span class='ocrx_word' id='word_1_89' title='bbox 547 1586 615 1630; x_wconf 93' lang='lat' dir='ltr'>non</span> <span class='ocrx_word' id='word_1_90' title='bbox 643 1567 787 1630; x_wconf 87' lang='lat' dir='ltr'>fuerunt</span> <span class='ocrx_word' id='word_1_91' title='bbox 808 1566 868 1630; x_wconf 85' lang='lat' dir='ltr'>Est</span> <span class='ocrx_word' id='word_1_92' title='bbox 895 1572 925 1630; x_wconf 85' lang='lat' dir='ltr'><strong>et</strong></span> <span class='ocrx_word' id='word_1_93' title='bbox 952 1565 1039 1647; x_wconf 88' lang='lat' dir='ltr'>Non,</span> <span class='ocrx_word' id='word_1_94' title='bbox 1064 1564 1069 1651; x_wconf 85' lang='grc' dir='ltr'>Ι</span> <span class='ocrx_word' id='word_1_95' title='bbox 1094 1575 1134 1630; x_wconf 93' lang='lat' dir='ltr'>ut</span> 
     </span>
     <span class='ocr_line' id='line_1_13' title="bbox 144 1668 1132 1754; baseline 0.003 -23"><span class='ocrx_word' id='word_1_96' title='bbox 144 1678 244 1751; x_wconf 91' lang='lat' dir='ltr'>patet</span> <span class='ocrx_word' id='word_1_97' title='bbox 275 1668 311 1733; x_wconf 87' lang='grc' dir='ltr'>ΙΙ</span> <span class='ocrx_word' id='word_1_98' title='bbox 340 1669 418 1737; x_wconf 89' lang='lat' dir='ltr'>Cor.</span> <span class='ocrx_word' id='word_1_99' title='bbox 446 1670 473 1746; x_wconf 86' lang='lat'>1,</span> <span class='ocrx_word' id='word_1_100' title='bbox 508 1692 553 1751; x_wconf 86' lang='lat'>17,</span> <span class='ocrx_word' id='word_1_101' title='bbox 587 1675 639 1750; x_wconf 77' lang='lat'>¹83</span> <span class='ocrx_word' id='word_1_102' title='bbox 681 1671 751 1754; x_wconf 89' lang='lat' dir='ltr'>ipsi</span> <span class='ocrx_word' id='word_1_103' title='bbox 783 1679 898 1735; x_wconf 91' lang='lat' dir='ltr'>autem</span> <span class='ocrx_word' id='word_1_104' title='bbox 931 1690 1019 1754; x_wconf 85' lang='lat' dir='ltr'>sepe</span> <span class='ocrx_word' id='word_1_105' title='bbox 1053 1691 1132 1734; x_wconf 92' lang='lat' dir='ltr'>con·</span> 
     </span>
     <span class='ocr_line' id='line_1_14' title="bbox 144 1773 1132 1858; baseline 0.001 -21"><span class='ocrx_word' id='word_1_106' title='bbox 144 1773 330 1837; x_wconf 90' lang='lat' dir='ltr'>trariantur</span> <span class='ocrx_word' id='word_1_107' title='bbox 363 1774 551 1858; x_wconf 85' lang='lat' dir='ltr'>evangelio</span> <span class='ocrx_word' id='word_1_108' title='bbox 585 1795 626 1839; x_wconf 93' lang='lat' dir='ltr'>ac</span> <span class='ocrx_word' id='word_1_109' title='bbox 665 1775 774 1838; x_wconf 89' lang='lat' dir='ltr'>eciam</span> <span class='ocrx_word' id='word_1_110' title='bbox 809 1774 877 1839; x_wconf 91' lang='lat' dir='ltr'>sibi</span> <span class='ocrx_word' id='word_1_111' title='bbox 913 1774 1011 1857; x_wconf 90' lang='lat' dir='ltr'>ipsis,</span> <span class='ocrx_word' id='word_1_112' title='bbox 1049 1774 1132 1839; x_wconf 86' lang='lat' dir='ltr'>ideo</span> 
     </span>
     <span class='ocr_line' id='line_1_15' title="bbox 145 1877 1132 1962; baseline 0.002 -22"><span class='ocrx_word' id='word_1_113' title='bbox 145 1878 241 1960; x_wconf 88' lang='lat' dir='ltr'>perit</span> <span class='ocrx_word' id='word_1_114' title='bbox 263 1877 330 1941; x_wconf 89' lang='lat' dir='ltr'>illis</span> <span class='ocrx_word' id='word_1_115' title='bbox 354 1888 522 1962; x_wconf 92' lang='lat' dir='ltr'>quantum</span> <span class='ocrx_word' id='word_1_116' title='bbox 546 1881 591 1944; x_wconf 86' lang='lat' dir='ltr'>ad</span> <span class='ocrx_word' id='word_1_117' title='bbox 614 1880 672 1942; x_wconf 93' lang='lat' dir='ltr'>illa</span> <span class='ocrx_word' id='word_1_118' title='bbox 703 1879 888 1961; x_wconf 91' lang='lat' dir='ltr'>inquibus</span> <span class='ocrx_word' id='word_1_119' title='bbox 913 1888 1132 1960; x_wconf 86' lang='lat' dir='ltr'>extraneant,</span> 
     </span>
     <span class='ocr_line' id='line_1_16' title="bbox 108 1981 1133 2067; baseline 0.001 -23"><span class='ocrx_word' id='word_1_120' title='bbox 108 1989 133 2038; x_wconf 75' lang='lat'>15</span> <span class='ocrx_word' id='word_1_121' title='bbox 146 1981 275 2045; x_wconf 89' lang='lat' dir='ltr'>Christi</span> <span class='ocrx_word' id='word_1_122' title='bbox 295 1983 498 2062; x_wconf 84' lang='lat' dir='ltr'>auctoritas3</span> <span class='ocrx_word' id='word_1_123' title='bbox 518 2003 606 2067; x_wconf 87' lang='lat' dir='ltr'>sepe</span> <span class='ocrx_word' id='word_1_124' title='bbox 628 1984 720 2047; x_wconf 92' lang='lat' dir='ltr'>enim</span> <span class='ocrx_word' id='word_1_125' title='bbox 737 1982 948 2046; x_wconf 90' lang='lat' dir='ltr'>contradicit</span> <span class='ocrx_word' id='word_1_126' title='bbox 957 1982 1133 2066; x_wconf 91' lang='lat' dir='ltr'>posterior</span> 
     </span>
     <span class='ocr_line' id='line_1_17' title="bbox 145 2085 1130 2169; baseline 0 -21"><span class='ocrx_word' id='word_1_127' title='bbox 145 2085 365 2168; x_wconf 87' lang='lat' dir='ltr'><strong>precedenti.</strong></span> <span class='ocrx_word' id='word_1_128' title='bbox 389 2086 435 2150; x_wconf 89' lang='lat' dir='ltr'>Et</span> <span class='ocrx_word' id='word_1_129' title='bbox 451 2096 620 2169; x_wconf 91' lang='lat' dir='ltr'>quantum</span> <span class='ocrx_word' id='word_1_130' title='bbox 644 2086 688 2150; x_wconf 86' lang='lat' dir='ltr'>ad</span> <span class='ocrx_word' id='word_1_131' title='bbox 713 2085 1031 2150; x_wconf 86' lang='lat' dir='ltr'>conformacionem</span> <span class='ocrx_word' id='word_1_132' title='bbox 1049 2104 1130 2169; x_wconf 91' lang='lat' dir='ltr'>pro·</span> 
     </span>
     <span class='ocr_line' id='line_1_18' title="bbox 146 2189 1132 2273; baseline 0 -21"><span class='ocrx_word' id='word_1_133' title='bbox 146 2189 268 2272; x_wconf 89' lang='lat' dir='ltr'>priam,</span> <span class='ocrx_word' id='word_1_134' title='bbox 321 2200 404 2253; x_wconf 91' lang='lat' dir='ltr'>sunt</span> <span class='ocrx_word' id='word_1_135' title='bbox 441 2193 549 2255; x_wconf 93' lang='lat' dir='ltr'>multa</span> <span class='ocrx_word' id='word_1_136' title='bbox 586 2191 681 2255; x_wconf 92' lang='lat' dir='ltr'>dicta</span> <span class='ocrx_word' id='word_1_137' title='bbox 723 2198 923 2254; x_wconf 90' lang='lat' dir='ltr'>sanctorum</span> <span class='ocrx_word' id='word_1_138' title='bbox 961 2210 1132 2273; x_wconf 91' lang='lat' dir='ltr'>paparum</span> 
     </span>
     <span class='ocr_line' id='line_1_19' title="bbox 147 2294 1132 2377; baseline 0.001 -20"><span class='ocrx_word' id='word_1_139' title='bbox 147 2294 376 2358; x_wconf 91' lang='lat' dir='ltr'>eminenciam</span> <span class='ocrx_word' id='word_1_140' title='bbox 409 2295 584 2377; x_wconf 86' lang='lat' dir='ltr'>scripture</span> <span class='ocrx_word' id='word_1_141' title='bbox 618 2295 845 2360; x_wconf 92' lang='lat' dir='ltr'>concorditer</span> <span class='ocrx_word' id='word_1_142' title='bbox 873 2295 1132 2374; x_wconf 90' lang='lat' dir='ltr'>confitencium,</span> 
     </span>
     <span class='ocr_line' id='line_1_20' title="bbox 147 2397 1133 2482; baseline 0 -21"><span class='ocrx_word' id='word_1_143' title='bbox 147 2398 239 2463; x_wconf 91' lang='lat' dir='ltr'>sicut</span> <span class='ocrx_word' id='word_1_144' title='bbox 261 2397 394 2462; x_wconf 90' lang='lat' dir='ltr'>faciunt</span> <span class='ocrx_word' id='word_1_145' title='bbox 426 2399 538 2463; x_wconf 87' lang='lat' dir='ltr'>sancti</span> <span class='ocrx_word' id='word_1_146' title='bbox 561 2400 739 2479; x_wconf 91' lang='lat' dir='ltr'>doctores,</span> <span class='ocrx_word' id='word_1_147' title='bbox 767 2399 802 2462; x_wconf 86' lang='lat' dir='ltr'>in</span> <span class='ocrx_word' id='word_1_148' title='bbox 827 2401 955 2482; x_wconf 87' lang='lat' dir='ltr'>quibus</span> <span class='ocrx_word' id='word_1_149' title='bbox 984 2399 1133 2462; x_wconf 87' lang='lat' dir='ltr'>fundant</span> 
     </span>
     <span class='ocr_line' id='line_1_21' title="bbox 106 2503 1132 2587; baseline 0 -22"><span class='ocrx_word' id='word_1_150' title='bbox 106 2523 244 2566; x_wconf 69' lang='lat' dir='ltr'>insuam</span> <span class='ocrx_word' id='word_1_151' title='bbox 268 2503 494 2584; x_wconf 89' lang='lat' dir='ltr'>sentenciam,</span> <span class='ocrx_word' id='word_1_152' title='bbox 518 2524 601 2587; x_wconf 90' lang='lat' dir='ltr'>ymo</span> <span class='ocrx_word' id='word_1_153' title='bbox 624 2504 659 2567; x_wconf 91' lang='lat' dir='ltr'>in</span> <span class='ocrx_word' id='word_1_154' title='bbox 676 2503 709 2566; x_wconf 90' lang='lat' dir='ltr'>V</span> <span class='ocrx_word' id='word_1_155' title='bbox 726 2503 966 2567; x_wconf 89' lang='lat' dir='ltr'>Decretalium</span> <span class='ocrx_word' id='word_1_156' title='bbox 988 2505 1033 2567; x_wconf 86' lang='lat' dir='ltr'><strong>de</strong></span> <span class='ocrx_word' id='word_1_157' title='bbox 1056 2523 1132 2565; x_wconf 91' lang='lat' dir='ltr'>sen·</span> 
     </span>
     <span class='ocr_line' id='line_1_22' title="bbox 147 2607 1134 2691; baseline -0.002 -21"><span class='ocrx_word' id='word_1_158' title='bbox 147 2607 264 2670; x_wconf 91' lang='lat' dir='ltr'>tencia</span> <span class='ocrx_word' id='word_1_159' title='bbox 291 2607 671 2671; x_wconf 88' lang='lat' dir='ltr'>excommunicacionis</span> <span class='ocrx_word' id='word_1_160' title='bbox 690 2628 755 2691; x_wconf 90' lang='lat' dir='ltr'>cap</span> <span class='ocrx_word' id='word_1_161' title='bbox 776 2608 807 2672; x_wconf 88' lang='lat' dir='ltr'><strong><em>A</em></strong></span> <span class='ocrx_word' id='word_1_162' title='bbox 829 2610 924 2672; x_wconf 86' lang='lat' dir='ltr'>nobis</span> <span class='ocrx_word' id='word_1_163' title='bbox 944 2608 1134 2671; x_wconf 89' lang='lat' dir='ltr'>confitetur</span> 
     </span>
     <span class='ocr_line' id='line_1_23' title="bbox 147 2711 1134 2795; baseline -0.003 -20"><span class='ocrx_word' id='word_1_164' title='bbox 147 2732 243 2795; x_wconf 94' lang='lat' dir='ltr'>papa</span> <span class='ocrx_word' id='word_1_165' title='bbox 264 2713 308 2774; x_wconf 91' lang='lat' dir='ltr'><strong>de</strong></span> <span class='ocrx_word' id='word_1_166' title='bbox 333 2731 396 2774; x_wconf 91' lang='lat' dir='ltr'>sua</span> <span class='ocrx_word' id='word_1_167' title='bbox 418 2711 578 2794; x_wconf 89' lang='lat' dir='ltr'>ecclesia,</span> <span class='ocrx_word' id='word_1_168' title='bbox 603 2713 699 2794; x_wconf 89' lang='lat' dir='ltr'>quod</span> <span class='ocrx_word' id='word_1_169' title='bbox 722 2731 799 2794; x_wconf 83' lang='lat' dir='ltr'><strong>sepe</strong></span> <span class='ocrx_word' id='word_1_170' title='bbox 812 2712 913 2792; x_wconf 81' lang='lat' dir='ltr'>saliit</span> <span class='ocrx_word' id='word_1_171' title='bbox 936 2717 966 2774; x_wconf 82' lang='lat' dir='ltr'>et</span> <span class='ocrx_word' id='word_1_172' title='bbox 979 2712 1134 2792; x_wconf 83' lang='lat' dir='ltr'>fallitur,</span> 
     </span>
     <span class='ocr_line' id='line_1_24' title="bbox 149 2813 1134 2880; baseline -0.002 -2"><span class='ocrx_word' id='word_1_173' title='bbox 149 2817 257 2878; x_wconf 89' lang='lat' dir='ltr'>eciam</span> <span class='ocrx_word' id='word_1_174' title='bbox 290 2817 335 2878; x_wconf 90' lang='lat' dir='ltr'><strong>de</strong></span> <span class='ocrx_word' id='word_1_175' title='bbox 368 2816 740 2880; x_wconf 86' lang='lat' dir='ltr'>excommunicacione</span> <span class='ocrx_word' id='word_1_176' title='bbox 773 2824 808 2879; x_wconf 91' lang='lat' dir='ltr'>et</span> <span class='ocrx_word' id='word_1_177' title='bbox 839 2815 1069 2879; x_wconf 89' lang='lat' dir='ltr'>absolucione</span> <span class='ocrx_word' id='word_1_178' title='bbox 1098 2813 1134 2876; x_wconf 91' lang='lat' dir='ltr'>in</span> 
     </span>
     <span class='ocr_line' id='line_1_25' title="bbox 148 2920 1132 3003; baseline -0.001 -21"><span class='ocrx_word' id='word_1_179' title='bbox 148 2921 275 3002; x_wconf 89' lang='lat' dir='ltr'>quibus</span> <span class='ocrx_word' id='word_1_180' title='bbox 307 2921 419 3003; x_wconf 79' lang='lat' dir='ltr'>magis</span> <span class='ocrx_word' id='word_1_181' title='bbox 443 2924 653 2984; x_wconf 89' lang='lat' dir='ltr'>attenderet.</span> <span class='ocrx_word' id='word_1_182' title='bbox 691 2920 778 2984; x_wconf 91' lang='lat' dir='ltr'>Ideo</span> <span class='ocrx_word' id='word_1_183' title='bbox 801 2941 873 2984; x_wconf 94' lang='lat' dir='ltr'>non</span> <span class='ocrx_word' id='word_1_184' title='bbox 901 2928 1052 3003; x_wconf 89' lang='lat' dir='ltr'>possent</span> <span class='ocrx_word' id='word_1_185' title='bbox 1076 2938 1132 3000; x_wconf 90' lang='lat' dir='ltr'>pa·</span> 
     </span>
     <span class='ocr_line' id='line_1_26' title="bbox 106 3022 1134 3108; baseline -0.004 -20"><span class='ocrx_word' id='word_1_186' title='bbox 106 3024 285 3088; x_wconf 75' lang='lat' dir='ltr'>25tencius</span> <span class='ocrx_word' id='word_1_187' title='bbox 318 3045 484 3089; x_wconf 90' lang='lat' dir='ltr'>accusare</span> <span class='ocrx_word' id='word_1_188' title='bbox 517 3046 557 3089; x_wconf 91' lang='lat' dir='ltr'><strong>se</strong></span> <span class='ocrx_word' id='word_1_189' title='bbox 591 3025 690 3108; x_wconf 91' lang='lat' dir='ltr'>ipsos</span> <span class='ocrx_word' id='word_1_190' title='bbox 726 3025 771 3088; x_wconf 93' lang='lat' dir='ltr'><strong>de</strong></span> <span class='ocrx_word' id='word_1_191' title='bbox 795 3024 921 3107; x_wconf 90' lang='lat' dir='ltr'>supina</span> <span class='ocrx_word' id='word_1_192' title='bbox 951 3022 1134 3086; x_wconf 84' lang='lat' dir='ltr'>blasfemia</span> 
     </span>
     <span class='ocr_line' id='line_1_27' title="bbox 148 3126 1133 3212; baseline 0 -22"><span class='ocrx_word' id='word_1_193' title='bbox 148 3149 251 3211; x_wconf 90' lang='lat' dir='ltr'>quam</span> <span class='ocrx_word' id='word_1_194' title='bbox 289 3129 470 3212; x_wconf 88' lang='lat' dir='ltr'>parificare</span> <span class='ocrx_word' id='word_1_195' title='bbox 510 3129 603 3193; x_wconf 92' lang='lat' dir='ltr'>dicta</span> <span class='ocrx_word' id='word_1_196' title='bbox 635 3149 698 3192; x_wconf 91' lang='lat' dir='ltr'>sua</span> <span class='ocrx_word' id='word_1_197' title='bbox 731 3138 901 3192; x_wconf 86' lang='lat' dir='ltr'>extranea</span> <span class='ocrx_word' id='word_1_198' title='bbox 932 3126 1133 3210; x_wconf 87' lang='lat' dir='ltr'>evangelie,</span> 
     </span>
     <span class='ocr_line' id='line_1_28' title="bbox 148 3232 1135 3316; baseline 0.001 -21"><span class='ocrx_word' id='word_1_199' title='bbox 148 3232 351 3315; x_wconf 90' lang='lat' dir='ltr'>specialiter</span> <span class='ocrx_word' id='word_1_200' title='bbox 375 3254 452 3297; x_wconf 89' lang='lat' dir='ltr'>cum</span> <span class='ocrx_word' id='word_1_201' title='bbox 477 3234 646 3297; x_wconf 87' lang='lat' dir='ltr'>deficiunt</span> <span class='ocrx_word' id='word_1_202' title='bbox 667 3233 702 3296; x_wconf 89' lang='lat' dir='ltr'>in</span> <span class='ocrx_word' id='word_1_203' title='bbox 727 3242 909 3316; x_wconf 89' lang='lat' dir='ltr'>potestate</span> <span class='ocrx_word' id='word_1_204' title='bbox 932 3232 1068 3311; x_wconf 90' lang='lat' dir='ltr'>minori,</span> <span class='ocrx_word' id='word_1_205' title='bbox 1096 3240 1135 3296; x_wconf 91' lang='lat' dir='ltr'>ut</span> 
     </span>
     <span class='ocr_line' id='line_1_29' title="bbox 149 3336 1134 3421; baseline -0.001 -22"><span class='ocrx_word' id='word_1_206' title='bbox 149 3346 235 3419; x_wconf 92' lang='lat' dir='ltr'>puta</span> <span class='ocrx_word' id='word_1_207' title='bbox 257 3336 558 3421; x_wconf 88' lang='lat' dir='ltr'>interpretacione</span> <span class='ocrx_word' id='word_1_208' title='bbox 576 3357 779 3401; x_wconf 89' lang='lat' dir='ltr'>sermonum</span> <span class='ocrx_word' id='word_1_209' title='bbox 795 3337 888 3400; x_wconf 86' lang='lat' dir='ltr'>sacta</span> <span class='ocrx_word' id='word_1_210' title='bbox 902 3336 936 3400; x_wconf 86' lang='lat' dir='ltr'>in</span> <span class='ocrx_word' id='word_1_211' title='bbox 953 3337 1134 3418; x_wconf 92' lang='lat' dir='ltr'>loquendo</span> 
     </span>
     <span class='ocr_line' id='line_1_30' title="bbox 148 3440 1135 3525; baseline 0 -22"><span class='ocrx_word' id='word_1_212' title='bbox 148 3440 264 3503; x_wconf 93' lang='lat' dir='ltr'>omnia</span> <span class='ocrx_word' id='word_1_213' title='bbox 286 3441 481 3524; x_wconf 87' lang='lat' dir='ltr'>linguarum</span> <span class='ocrx_word' id='word_1_214' title='bbox 505 3461 647 3525; x_wconf 85' lang='lat' dir='ltr'>genera,</span> <span class='ocrx_word' id='word_1_215' title='bbox 675 3451 713 3504; x_wconf 92' lang='lat' dir='ltr'>ut</span> <span class='ocrx_word' id='word_1_216' title='bbox 735 3440 899 3503; x_wconf 84' lang='lat' dir='ltr'>fecerunt</span> <span class='ocrx_word' id='word_1_217' title='bbox 921 3441 1074 3523; x_wconf 91' lang='lat' dir='ltr'>apostoli</span> <span class='ocrx_word' id='word_1_218' title='bbox 1099 3450 1135 3503; x_wconf 92' lang='lat' dir='ltr'>et</span> 
     </span>
     <span class='ocr_line' id='line_1_31' title="bbox 108 3544 1133 3628; baseline -0.001 -20"><span class='ocrx_word' id='word_1_219' title='bbox 108 3546 202 3609; x_wconf 73' lang='lat' dir='ltr'>losui</span> <span class='ocrx_word' id='word_1_220' title='bbox 238 3546 414 3624; x_wconf 89' lang='lat' dir='ltr'>conversi,</span> <span class='ocrx_word' id='word_1_221' title='bbox 446 3564 534 3628; x_wconf 91' lang='lat' dir='ltr'>ymo</span> <span class='ocrx_word' id='word_1_222' title='bbox 567 3545 603 3608; x_wconf 94' lang='lat' dir='ltr'>in</span> <span class='ocrx_word' id='word_1_223' title='bbox 640 3547 845 3609; x_wconf 86' lang='lat' dir='ltr'>exercendo</span> <span class='ocrx_word' id='word_1_224' title='bbox 877 3545 1014 3628; x_wconf 85' lang='lat' dir='ltr'>gracias</span> <span class='ocrx_word' id='word_1_225' title='bbox 1047 3544 1133 3607; x_wconf 91' lang='lat' dir='ltr'>sani·</span> 
     </span>
    </p>
   </div>
   <div class='ocr_carea' id='block_1_3' title="bbox 149 3648 1136 3732">
    <p class='ocr_par' dir='ltr' id='par_1_3' title="bbox 149 3648 1136 3732">
     <span class='ocr_line' id='line_1_32' title="bbox 149 3648 1136 3732; baseline -0.002 -18"><span class='ocrx_word' id='word_1_226' title='bbox 149 3659 268 3716; x_wconf 85' lang='lat' dir='ltr'>tatum.</span> <span class='ocrx_word' id='word_1_227' title='bbox 291 3650 338 3714; x_wconf 94' lang='lat' dir='ltr'>Et</span> <span class='ocrx_word' id='word_1_228' title='bbox 361 3649 428 3713; x_wconf 93' lang='lat' dir='ltr'>ista</span> <span class='ocrx_word' id='word_1_229' title='bbox 450 3658 533 3712; x_wconf 93' lang='lat' dir='ltr'>sunt</span> <span class='ocrx_word' id='word_1_230' title='bbox 555 3648 729 3712; x_wconf 90' lang='lat' dir='ltr'>modicum</span> <span class='ocrx_word' id='word_1_231' title='bbox 752 3649 788 3713; x_wconf 92' lang='lat' dir='ltr'>in</span> <span class='ocrx_word' id='word_1_232' title='bbox 806 3648 1074 3732; x_wconf 91' lang='lat' dir='ltr'>comparacione</span> <span class='ocrx_word' id='word_1_233' title='bbox 1091 3649 1136 3712; x_wconf 91' lang='lat' dir='ltr'>ad</span> 
     </span>
    </p>
   </div>
   <div class='ocr_carea' id='block_1_4' title="bbox 147 3922 1137 4048">
    <p class='ocr_par' dir='ltr' id='par_1_4' title="bbox 147 3922 1137 4048">
     <span class='ocr_line' id='line_1_33' title="bbox 203 3922 1137 3978; baseline -0.004 -10"><span class='ocrx_word' id='word_1_234' title='bbox 203 3935 237 3968; x_wconf 86' lang='lat'>21.</span> <span class='ocrx_word' id='word_1_235' title='bbox 261 3923 300 3966; x_wconf 83' lang='grc' dir='ltr'>ΑΒ</span> <span class='ocrx_word' id='word_1_236' title='bbox 320 3922 343 3966; x_wconf 90' lang='lat' dir='ltr'>in</span> <span class='ocrx_word' id='word_1_237' title='bbox 366 3934 455 3978; x_wconf 77' lang='lat' dir='ltr'>marg.:</span> <span class='ocrx_word' id='word_1_238' title='bbox 480 3923 612 3966; x_wconf 75' lang='lat' dir='ltr'>Auctoritas</span> <span class='ocrx_word' id='word_1_239' title='bbox 633 3933 702 3965; x_wconf 77' lang='lat' dir='ltr'>sacre</span> <span class='ocrx_word' id='word_1_240' title='bbox 722 3922 839 3976; x_wconf 75' lang='lat' dir='ltr'>scripture</span> <span class='ocrx_word' id='word_1_241' title='bbox 861 3922 953 3965; x_wconf 80' lang='lat' dir='ltr'>excellit</span> <span class='ocrx_word' id='word_1_242' title='bbox 975 3934 1054 3966; x_wconf 77' lang='lat' dir='ltr'>omnes</span> <span class='ocrx_word' id='word_1_243' title='bbox 1074 3922 1137 3966; x_wconf 78' lang='lat' dir='ltr'>atior</span> 
     </span>
     <span class='ocr_line' id='line_1_34' title="bbox 147 3994 287 4048; baseline 0 -14"><span class='ocrx_word' id='word_1_244' title='bbox 147 3994 287 4048; x_wconf 75' lang='lat' dir='ltr'>scripturas.</span> 
     </span>
    </p>
   </div>
   <div class='ocr_carea' id='block_1_5' title="bbox 149 4113 1137 4358">
    <p class='ocr_par' dir='ltr' id='par_1_5' title="bbox 149 4113 1137 4358">
     <span class='ocr_line' id='line_1_35' title="bbox 206 4113 1137 4184; baseline -0.002 -16"><span class='ocrx_word' id='word_1_245' title='bbox 206 4133 226 4170; x_wconf 84' lang='grc' dir='ltr'>ι.</span> <span class='ocrx_word' id='word_1_246' title='bbox 245 4118 283 4168; x_wconf 86' lang='lat' dir='ltr'>De</span> <span class='ocrx_word' id='word_1_247' title='bbox 294 4119 410 4168; x_wconf 79' lang='lat' dir='ltr'>veritate</span> <span class='ocrx_word' id='word_1_248' title='bbox 423 4120 500 4169; x_wconf 82' lang='lat' dir='ltr'>sacre</span> <span class='ocrx_word' id='word_1_249' title='bbox 513 4118 645 4182; x_wconf 79' lang='lat' dir='ltr'>Scripture</span> <span class='ocrx_word' id='word_1_250' title='bbox 660 4138 691 4161; x_wconf 96' lang='lat'>=</span> <span class='ocrx_word' id='word_1_251' title='bbox 702 4117 777 4167; x_wconf 84' lang='lat' dir='ltr'>Book</span> <span class='ocrx_word' id='word_1_252' title='bbox 789 4113 841 4164; x_wconf 63' lang='lat' dir='ltr'>Vlu</span> <span class='ocrx_word' id='word_1_253' title='bbox 861 4117 891 4166; x_wconf 84' lang='lat' dir='ltr'>of</span> <span class='ocrx_word' id='word_1_254' title='bbox 904 4117 1014 4184; x_wconf 81' lang='lat' dir='ltr'>Wyclils</span> <span class='ocrx_word' id='word_1_255' title='bbox 1027 4118 1137 4167; x_wconf 77' lang='lat' dir='ltr'>Summa</span> 
     </span>
     <span class='ocr_line' id='line_1_36' title="bbox 149 4204 1135 4271; baseline 0.001 -17"><span class='ocrx_word' id='word_1_256' title='bbox 149 4205 311 4270; x_wconf 81' lang='lat' dir='ltr'>Theologiae</span> <span class='ocrx_word' id='word_1_257' title='bbox 325 4205 366 4256; x_wconf 87' lang='lat' dir='ltr'><strong>ed.</strong></span> <span class='ocrx_word' id='word_1_258' title='bbox 379 4205 546 4269; x_wconf 83' lang='lat' dir='ltr'>Buddensieg</span> <span class='ocrx_word' id='word_1_259' title='bbox 559 4205 676 4270; x_wconf 81' lang='lat' dir='ltr'>(Lipsiae</span> <span class='ocrx_word' id='word_1_260' title='bbox 690 4214 715 4253; x_wconf 89' lang='lat' dir='ltr'>et</span> <span class='ocrx_word' id='word_1_261' title='bbox 729 4204 886 4267; x_wconf 82' lang='lat' dir='ltr'>londoniis)</span> <span class='ocrx_word' id='word_1_262' title='bbox 904 4219 976 4271; x_wconf 87' lang='lat'>1904.</span> <span class='ocrx_word' id='word_1_263' title='bbox 1043 4218 1084 4256; x_wconf 83' lang='lat'>21.</span> <span class='ocrx_word' id='word_1_264' title='bbox 1103 4205 1135 4270; x_wconf 82' lang='lat' dir='ltr'>V,</span> 
     </span>
     <span class='ocr_line' id='line_1_37' title="bbox 151 4289 251 4358; baseline -0.06 -14"><span class='ocrx_word' id='word_1_265' title='bbox 151 4292 192 4358; x_wconf 87' lang='lat'>39,</span> <span class='ocrx_word' id='word_1_266' title='bbox 213 4289 251 4340; x_wconf 77' lang='lat'>28.</span> 
     </span>
    </p>
   </div>
   <div class='ocr_carea' id='block_1_6' title="bbox 0 0 1520 5026">
    <p class='ocr_par' dir='ltr' id='par_1_6' title="bbox 0 0 1520 5026">
     <span class='ocr_line' id='line_1_38' title="bbox 0 0 1520 5026; baseline 0 0"><span class='ocrx_word' id='word_1_267' title='bbox 0 0 1520 5026; x_wconf 95' lang='lat' dir='ltr'> </span> 
     </span>
    </p>
   </div>
  </div>
 </body>
</html>
