3008 5026
137 400 190 455 162
682 408 850 458 romnus
870 408 1010 457 wvcur
1186 387 1267 475 [cue
1287 403 1339 447 vu·

153 580 318 675 diiiflh‘ss'i
351 567 463 629 omnis
495 569 601 628 homo
634 564 723 627 vivit
760 576 829 628 tam
868 564 1103 648 proprietarie
1137 584 1240 646 quam
1279 585 1340 626 ex·

163 645 314 780 ffiffffi?
351 671 595 753 proprietario,
625 680 662 732 et
689 670 739 732 sic
767 670 945 753 inponunt
967 690 1127 753 magnam
1150 669 1341 733 stulticiam

158 790 314 886 ¹³⁰⁸¹Jgt⁰e⁰⁸¹¹gf¹¹⁰
349 796 443 859 pape
476 774 625 839 Nicolao
658 774 722 840 III.
760 785 796 839 et
829 775 959 838 sanctis
997 775 1217 856 doctoribus,
1255 795 1340 858 ymo

156 894 312 966 pontigano
350 879 481 944 nostris
509 879 697 963 religiosis,
726 900 803 942 cum
832 880 956 943 dicunt
983 882 1080 962 quod
1107 899 1178 942 non
1202 879 1249 942 sit
1272 890 1339 942 sta·

160 958 303 999 ⁹⁰⁵⁵e⁵⁵¹⁰n'
349 994 447 1048 tuum
470 984 618 1048 istorum
641 984 837 1048 distinccio.
872 984 1004 1047 Notum
1029 993 1092 1063 est,
1115 983 1267 1066 inquam,
1292 991 1365 1047 ex5

350 1091 456 1152 modo
476 1088 621 1151 vivendi
645 1098 714 1152 tam
737 1089 909 1172 preterito
933 1109 1037 1171 quam
1060 1088 1220 1171 presenti
1242 1091 1340 1171 quod

349 1195 384 1257 in
416 1195 484 1257 alio
517 1203 610 1257 statu
639 1203 695 1257 est
723 1195 838 1258 clerus
866 1204 1057 1277 postquam
1082 1193 1221 1277 recepit
1243 1196 1341 1258 dota·

351 1301 487 1363 cionem
517 1319 694 1362 cesaream
723 1308 759 1361 et
787 1301 821 1361 in
851 1299 916 1362 alio
940 1308 1127 1381 antequam
1154 1299 1262 1362 fuerit
1289 1300 1342 1363 sic

351 1407 504 1480 dotatus
534 1405 626 1468 sicut
657 1404 691 1466 in
715 1404 781 1467 alio
807 1413 901 1469 statu
924 1405 1051 1467 vivunt
1072 1403 1231 1486 religiosi
1255 1425 1341 1486 pos·

350 1635 421 1678 non
439 1624 522 1678 sunt
538 1615 730 1677 elemosine
749 1624 926 1697 perpetue
942 1615 1142 1679 humanitus
1158 1614 1209 1677 sic
1225 1613 1343 1677 affixe.

351 1719 474 1784 Status
497 1719 605 1801 igitur
629 1719 932 1801 exproprietarius
953 1720 1040 1783 cleri
1058 1729 1112 1784 est
1128 1728 1241 1783 status
1258 1719 1344 1782 cleri

352 1824 589 1887 conversandi
605 1823 681 1886 sine
696 1824 883 1886 dotacione
901 1832 937 1887 et
953 1823 1248 1888 elemosinaeione
1263 1843 1343 1905 per-

154 1953 322 1997 anaowmenrs
351 1937 459 2010 petua
498 1928 705 1991 secularium
745 1928 976 1991 dominorum.
1021 1928 1068 1991 Et
1106 1938 1218 1993 status
1257 1927 1344 1991 cleri

179 2007 297 2049 malethc
467 2031 473 2045 .
557 2031 564 2045 .
969 2032 976 2046 .

171 2059 303 2111 arr-esem,
352 2041 610 2115 proprretarrus
649 2042 705 2096 est
742 2041 855 2096 status
894 2034 978 2095 clerr
1015 2033 1262 2096 conversando
1297 2034 1386 2095 ex¹5

145 2110 330 2218 iiiiiiiiia'i}
355 2135 543 2200 dotacione
558 2137 615 2199 vel
633 2137 929 2200 elemosinaeione
944 2147 1120 2219 perpetua
1135 2136 1344 2200 secularium

175 2215 299 2323 aiiiiiiiy.
354 2241 583 2311 dominorum.
617 2251 656 2303 ut
688 2240 864 2323 contingit
895 2241 1058 2322 personis
1090 2243 1149 2304 vel
1182 2240 1344 2304 ecclesiis

355 2345 441 2409 cleri
473 2344 604 2426 quibus
637 2345 887 2426 appropriatur
919 2345 1071 2408 ecclesia
1110 2346 1166 2407 vel
1207 2364 1345 2409 annuus

354 2451 513 2514 redditus
538 2470 583 2511 ex
604 2458 712 2530 pacto
733 2449 1040 2513 elemosinaeionis
1056 2459 1249 2532 perpetue;
1274 2469 1344 2531 que

355 2554 470 2619 omnia
486 2562 631 2636 oportet
647 2553 814 2637 originari
832 2575 878 2616 ex
895 2554 1106 2619 auctoritate
1123 2554 1345 2618 dominorum
1358 2571 1390 2606 20

354 2658 572 2738 secularium,
601 2657 685 2721 licet
712 2658 767 2720 alii
797 2660 841 2721 de
866 2661 960 2722 clero
984 2661 1027 2722 ad
1054 2661 1122 2722 hoc
1146 2659 1346 2722 adiuverint

355 2771 391 2826 et
414 2762 607 2825 autorizare
631 2763 719 2824 false
744 2762 918 2826 finxerint.
952 2763 999 2827 Et
1021 2772 1122 2845 patet
1144 2765 1242 2844 quod
1265 2765 1345 2828 talis

353 2865 604 2948 appropriacio
615 2866 708 2947 sapit
720 2867 891 2949 ingratam
903 2866 1140 2930 diffidenciam
1150 2868 1195 2930 de
1203 2867 1344 2933 Christo

354 2980 391 3034 et
414 2971 486 3034 suis
509 2970 661 3054 legibus,
690 2990 760 3053 qua
788 2972 894 3034 homo
925 2971 1102 3053 superflue
1131 2971 1280 3054 exponit
1304 2993 1345 3037 se

354 3075 465 3156 spinis
504 3084 541 3137 et
578 3075 876 3157 temptacionibus
914 3076 1016 3139 huius
1055 3076 1181 3139 mundi.
1222 3077 1388 3141 Status25

353 3179 462 3258 igitur
486 3179 790 3261 exproprietarius
814 3201 886 3242 non
906 3180 910 3263 Ι
932 3190 988 3243 est
1010 3203 1081 3244 non
1104 3184 1235 3246 habere
1260 3191 1344 3244 tem·
1376 3189 1437 3233 201‘

352 3285 494 3366 poralia‚
533 3286 597 3347 sed
635 3286 767 3346 habere
806 3305 853 3346 ex
892 3305 982 3365 puro
1021 3285 1124 3348 titulo
1156 3284 1228 3348 Dei
1266 3285 1344 3348 sine

352 3387 613 3451 autorizacione
634 3390 783 3450 humana
799 3391 857 3451 vel
881 3389 1119 3452 sollicitudine
1143 3399 1262 3472 preter
1285 3410 1344 3452 ne-

353 3493 505 3555 cessaria
528 3494 573 3554 ad
597 3492 682 3555 cleri
705 3492 868 3558 officium.
896 3493 972 3555 Nec
997 3497 1102 3557 obest
1125 3494 1345 3575 perfeccioni

353 3595 444 3660 illius
468 3606 581 3660 status
605 3598 703 3678 quod
727 3600 796 3660 sint
818 3598 852 3660 in
877 3598 935 3662 illo
965 3608 1059 3660 statu
1081 3598 1238 3680 pessimi,
1262 3600 1344 3680 quia
1357 3605 1389 3653 30

353 3702 581 3783 distinguitur
597 3723 616 3763 a
633 3711 726 3765 statu
742 3723 885 3766 morum.
907 3701 1105 3784 Supposito
1121 3703 1229 3785 igitur
1245 3704 1343 3784 quod

352 3814 465 3869 status
489 3807 546 3869 ille
571 3806 617 3869 sit
641 3808 749 3870 alcior
772 3817 878 3890 atque
895 3807 1106 3890 perfeccior‚
1131 3817 1231 3889 patet
1246 3809 1344 3890 quod

351 3911 410 3973 ille
444 3931 537 3992 papa
569 3911 707 3993 ingrate
740 3921 776 3975 et
803 3911 993 3975 infideliter
1021 3912 1119 3975 ducit
1146 3910 1344 3991 ecclesiam,

408 4162 441 4194 12.
458 4152 477 4193 Α
494 4151 515 4193 in
532 4163 617 4205 marra:
637 4149 713 4202 Nota,¹
731 4152 771 4193 AB
787 4153 810 4194 in
826 4163 911 4205 marg:
931 4151 1011 4194 Status
1029 4152 1238 4206 exproprr'etarr'ur.
1262 4150 1345 4194 Status

351 4220 532 4275 proprietarius.
600 4221 637 4264 25.
660 4223 694 4263 A:
715 4222 812 4274 spernis.
883 4221 920 4264 26.
944 4220 973 4263 B:
996 4233 1042 4263 non
1066 4222 1144 4263 before
1165 4221 1250 4264 tatere
1270 4220 1342 4263 deest.

353 4302 390 4344 27.
407 4292 446 4332 ΑΒ
461 4289 483 4333 in
501 4302 586 4343 marg:
603 4290 753 4344 Privilegr'um
768 4292 827 4333 cleri
839 4292 918 4334 datum
933 4303 948 4333 a
961 4291 1061 4335 Ctrr'rto.
1118 4290 1151 4335 31.
1168 4290 1208 4334 ΑΒ
1219 4291 1242 4334 in
1255 4302 1343 4345 marg:

351 4360 433 4403 Status
448 4361 652 4414 exproprretarr'us
665 4360 748 4403 alcior.
