3008 5026
178 390 240 438 ιιι.
257 375 311 466 ιιι]
474 396 519 448 os
537 395 749 449 Porssrnrs
768 400 867 450 rme.

177 554 328 616 membra
354 553 474 617 matris
498 553 662 631 ecclesie,
690 556 788 637 quod
812 555 969 620 officium
992 557 1163 641 pertinuit

177 656 282 722 Petro
303 657 477 740 primarie.
498 657 605 722 Unde
625 660 782 724 Actuum
796 660 824 737 I,
851 681 886 741 ¹5
912 660 1044 745 legitur
1064 663 1162 744 quod

105 762 153 829 ¹73¹
176 776 357 845 exsurgens
378 762 501 828 Petrus
520 760 525 848 Ι
544 764 581 826 in
609 766 721 829 medio
740 765 905 846 fratrum
933 768 1078 830 ostendit
1096 787 1163 850 per

174 870 383 949 scripturam
416 869 539 933 veteris
571 871 762 936 testamenti
798 873 887 951 quod
923 878 1054 953 oportet
1090 874 1370 950 loc01›01„·,1„di„

155 972 270 1037 lYnde
307 974 500 1054 proditoris
541 975 653 1037 alium
696 975 891 1055 episcopum
917 976 1053 1057 eligere,
1101 976 1162 1059 qui

173 1076 338 1159 suppleat
351 1075 451 1140 vices
474 1096 569 1149 suas;
595 1077 706 1141 etsie
729 1078 922 1141 secundum
942 1077 1162 1162 prioritatem

175 1179 354 1264 dignitatis
392 1180 587 1245 celebravit
623 1181 842 1245 eleccionem
870 1182 1016 1247 Mathie.
1061 1183 1161 1264 Item,

174 1283 251 1351 Act
265 1283 313 1363 H,
335 1306 370 1363 ¹4
393 1285 526 1369 legitur
557 1287 736 1368 quomodo
760 1286 882 1351 Petrns
898 1306 978 1351 cum
1000 1288 1162 1351 undecim

173 1389 312 1453 elevavit
333 1407 447 1453 vocem
469 1408 573 1453 suam
600 1392 739 1472 loquens
762 1410 828 1473 pro
856 1392 1016 1456 omnibns
1039 1401 1162 1456 contra

142 1491 398 1575 ¹0imponentes
430 1493 482 1558 eis
505 1494 725 1577 ebrietatem,
758 1495 953 1559 ostendens
983 1516 1029 1558 ex
1053 1497 1161 1580 scrip·

173 1606 248 1662 tura
278 1599 377 1681 quod
408 1598 455 1662 sit
486 1598 679 1682 spiritualis
710 1599 869 1683 replecio
902 1620 968 1683 per
991 1598 1161 1684 Spiritum

174 1699 341 1768 Sanctum
360 1702 509 1767 Yohelis
532 1704 589 1767 III
611 1706 807 1788 prelocuta.
830 1707 929 1786 Item,
953 1704 1036 1770 Act.
1052 1703 1094 1781 11,
1119 1725 1157 1786 ³¹

174 1816 436 1890 consequenter
466 1808 667 1892 predicavit
697 1809 821 1889 Judeis
844 1812 885 1874 de
907 1811 1162 1874 resurreccione

175 1920 210 1977 et
231 1911 390 1997 predixit
413 1913 465 1977 eis
488 1934 553 1997 pre
575 1914 739 1978 omnibus
765 1914 938 1997 apostolis
963 1914 1048 1998 quid
1064 1923 1163 1978 esset

141 2016 223 2081 ¹5eis
254 2018 495 2082 necessarium
528 2019 572 2082 ad
603 2021 762 2101 salutem,
802 2028 840 2083 et
876 2019 968 2083 infra
1005 2018 1160 2102 capitulo

174 2122 295 2202 tercio,
323 2143 348 2203 1,
374 2143 403 2203 2,
435 2122 546 2187 Petro
580 2133 616 2188 et
638 2124 799 2203 Johanne
823 2123 1098 2189 ascendentibus
1126 2120 1162 2185 in

173 2228 342 2310 templum
365 2226 495 2291 Petrus
525 2228 650 2292 habuit
680 2228 942 2312 preposituram
965 2224 1162 2292 locucionis

173 2330 206 2394 in
230 2331 346 2395 claudi
369 2331 560 2397 sanacione
583 2332 679 2397 sicut
701 2344 738 2399 et
759 2332 1107 2417 prenominacionem
1127 2331 1162 2394 in

174 2434 263 2499 serie
296 2436 482 2520 scripture,
515 2436 645 2502 Petrus
679 2437 790 2502 eciam
822 2459 890 2521 pro
923 2436 1086 2500 omnibus
1109 2454 1162 2499 re·

138 2552 165 2588 20
173 2540 319 2623 spondit
340 2540 606 2625 magistratibus
630 2543 764 2625 templi,
787 2551 827 2606 ut
848 2551 950 2625 patet
963 2542 1046 2606 Act.
1068 2540 1161 2624 capi·

173 2644 245 2707 tulo
270 2643 333 2725 IV,
357 2653 395 2707 et
416 2664 483 2728 pro
509 2645 673 2708 omnibus
700 2645 852 2729 protulit
875 2644 998 2709 mortis
1023 2655 1162 2709 senten·

173 2746 258 2810 ciam
274 2747 311 2810 in
325 2747 499 2811 Ananiam
517 2757 554 2812 et
570 2746 764 2832 Saphiram,
781 2757 820 2812 ut
832 2756 934 2831 patet
945 2748 979 2812 V
994 2748 1161 2831 capitulo,

172 2850 272 2915 etsie
288 2850 324 2914 in
334 2849 528 2936 Symonem
543 2871 695 2935 magum,
711 2852 793 2915 Act.
804 2851 904 2918 VIII.
913 2851 1013 2931 Item,
1028 2852 1064 2915 in
1081 2873 1162 2917 con·

172 2954 248 3018 silio
263 2955 432 3040 generali,
448 2956 493 3019 de
505 2976 576 3038 quo
587 2956 667 3020 Act.
684 2954 768 3037 XV,
783 2955 913 3020 Petrus
929 2955 1079 3039 protulit
1093 2977 1162 3040 pro

136 3057 334 3122 nomnibus
357 3058 575 3124 sentenciam
599 3062 697 3142 quod
727 3059 893 3123 conversi
923 3080 970 3122 ex
993 3060 1162 3143 gentibus

171 3183 241 3227 non
280 3165 435 3227 debeant
473 3163 674 3227 circumcidi
711 3183 779 3227 nec
816 3163 910 3246 legis
952 3164 1162 3229 cerimonias

171 3270 369 3332 observare.
401 3267 525 3331 Talem
558 3277 674 3331 autem
698 3267 961 3351 preposituram
989 3288 1162 3352 usurpare

171 3392 242 3435 non
283 3381 509 3455 presumeret
550 3381 622 3436 tam
660 3382 803 3437 sanctus
846 3374 1034 3456 apostolus
1077 3383 1163 3456 post

171 3476 373 3540 missionem
389 3474 513 3542 Sancti
529 3474 683 3559 Spiritus
700 3476 862 3541 docentis
884 3477 1001 3561 ipsum
1022 3497 1163 3542 omnem

133 3583 161 3634 30
170 3579 354 3645 veritatem
373 3591 409 3646 et
425 3580 663 3645 confirmantis
679 3581 716 3645 in
731 3581 811 3664 ipso
829 3601 968 3645 omnem
985 3602 1005 3644 a
1020 3581 1162 3646 Christo

169 3685 376 3750 instructam
401 3685 641 3768 humilitatem,
665 3685 732 3749 nisi
756 3686 864 3750 sciret
888 3685 1071 3769 pertinere
1095 3705 1162 3749 suo

171 3788 289 3853 officio
323 3789 487 3873 accipere
520 3790 791 3876 magnanimiter
821 3790 1023 3854 huiusmodi
1046 3789 1161 3874 digni·

170 3902 289 3977 tatem,
322 3915 392 3977 que
425 3894 567 3960 videtur
600 3895 807 3980 specificata
839 3917 859 3960 a
887 3896 1029 3962 Christo
1052 3896 1161 3960 Math.

224 4133 253 4246 :ab
268 4132 298 4176 B:
320 4134 421 4178 ostendit
440 4135 512 4179 deest.
584 4135 928 4192 14.Codd.:proomniinr.
1001 4136 1038 4181 25.
1062 4136 1092 4180 B:
1113 4137 1163 4181 exi·

172 4202 241 4258 penti
255 4213 290 4246 m.

224 4337 264 4378 12.
286 4326 366 4378 Recte
385 4328 443 4378 Joel
463 4329 493 4397 ll,
513 4327 553 4380 28.
629 4332 667 4382 13.
686 4332 883 4382 resurreccione
902 4346 938 4384 se.
957 4329 1062 4383 Christi.

1215 957 1333 1062 sliat.

1203 1426 1248 1469 end
1263 1437 1294 1469 on
1309 1427 1348 1470 tho

1210 1478 1340 1574 villeriis.

1212 2311 1217 2320 ι
1237 2259 1312 2304 Other

1211 2318 1338 2356 instancee.
