3008 5026
145 1930 239 1985 Dnnger
253 1929 280 1973 oi

119 1989 240 2037 nccapnng
254 1983 293 2025 the

118 2036 184 2078 otlice
198 2034 225 2077 oi
238 2035 299 2089 Pope

131 2087 192 2130 tram
204 2099 290 2148 'wrong

152 2147 259 2182 menses.

648 403 817 467 tonsurus
836 404 977 458 wreus
1158 387 1242 476 [cn.
1257 400 1309 446 vn.

320 576 362 621 ac
383 560 480 622 labor
503 561 711 642 exprimitur
733 568 764 626 et
786 582 853 645 per
871 563 1089 645 profundum
1112 567 1226 629 maris
1248 584 1310 628 ex-

319 669 432 727 trema
447 666 655 747 dampnatio
671 668 881 749 designatur.
908 668 976 750 Qui
995 671 1104 752 igitur
1117 673 1166 734 ad
1179 672 1311 734 sancti-

319 771 401 835 tatis
430 773 575 853 speciem
608 773 770 839 dednans
799 777 851 839 oet
881 777 979 840 verbo
1011 780 1137 841 ceteros
1167 776 1313 841 destruit

319 880 370 941 oet
401 879 565 959 exempto,
597 880 721 942 metius
746 879 899 961 prosecta
922 879 1056 961 suerat,
1088 885 1124 944 nt
1148 883 1239 946 bunc
1264 883 1314 944 ad

320 987 466 1046 mortem
488 983 550 1047 snb
571 986 722 1048 seculari
743 986 860 1049 habitu
881 991 1020 1050 terrena
1042 992 1121 1050 acta
1140 990 1339 1051 constrin-5

315 1093 445 1168 gerent,
476 1105 582 1166 qnam
609 1090 698 1170 qnod
723 1107 828 1153 sacra
855 1090 974 1170 officia
1000 1092 1037 1154 in
1064 1093 1167 1173 cntpa
1193 1093 1315 1156 ceteris

320 1192 522 1255 imitabilem
550 1193 833 1270 demonstrarent,
860 1196 943 1276 qnia
965 1196 1137 1259 nimirum
1164 1195 1315 1259 sisoius

320 1299 456 1360 caderet
481 1298 570 1360 tnnc
596 1304 779 1378 utrumqne
804 1317 899 1380 pena
927 1299 1058 1380 inferni
1087 1301 1315 1364 tollerabitior

320 1403 500 1466 cruciaret.

364 1505 439 1569 Iste
463 1515 606 1570 sanctus
624 1527 719 1590 papa
734 1507 838 1571 novit
852 1507 1085 1573 condiciones
1102 1517 1141 1572 et
1155 1508 1316 1591 pericula
1329 1533 1359 1567 ιο

322 1610 523 1675 adiacencia
545 1631 720 1694 perverso
743 1614 932 1695 preposito
957 1622 995 1678 et
1016 1613 1221 1697 specialiter
1237 1613 1314 1676 Ro·

321 1736 426 1780 mano
454 1716 625 1800 pontifici,
653 1737 732 1780 cum
758 1726 945 1800 peccatum
974 1717 1232 1782 commissionis
1255 1719 1316 1780 vel

323 1820 523 1884 omissionis
545 1820 582 1884 in
605 1820 686 1904 ipso
708 1821 803 1886 foret
826 1824 1030 1886 scandalum
1052 1823 1120 1887 toti
1141 1822 1254 1906 gregi

365 1925 437 1988 Per
459 1926 528 1989 hoc
550 1935 653 2008 patet
675 1927 866 2009 responsio
896 1928 940 1991 ad
962 1936 1100 1991 sextam
1124 1927 1315 2009 racionem,

322 2028 358 2092 in
390 2050 459 2112 qua
492 2051 539 2092 ex
571 2030 728 2094 secunda
758 2030 964 2114 piscacione
986 2031 1087 2095 Petri
1110 2040 1254 2096 notatur
1279 2031 1358 2095 in=5

322 2133 402 2217 ipso
440 2135 704 2217 preeminencia
735 2136 929 2218 sepedicta
974 2136 1032 2199 Ex
1064 2157 1136 2219 quo
1171 2145 1317 2199 notaret

322 2259 418 2322 papa
434 2259 481 2302 ex
497 2239 759 2323 preeminencia
775 2240 958 2323 dignitatis
973 2240 1179 2324 periculum,
1196 2240 1316 2304 sciens

323 2347 421 2427 quod
449 2355 594 2409 vocatus
627 2347 671 2408 ad
703 2347 773 2410 tale
807 2345 963 2410 officium
996 2366 1043 2409 ex
1076 2365 1228 2429 corpore
1255 2346 1317 2408 vel

322 2450 549 2533 negligencia
584 2449 729 2534 gravius
768 2462 825 2515 est
862 2451 1115 2534 dampnandus,
1153 2471 1237 2533 ymo
1261 2469 1315 2512 ac·

324 2564 472 2638 ceptans
500 2556 586 2619 illud
614 2555 770 2619 officium
792 2555 873 2638 plus
896 2565 1048 2639 propter
1074 2555 1360 2639 piscacionemao

323 2659 436 2723 fastus
468 2670 529 2723 aut
559 2670 716 2742 questus,
749 2679 852 2742 quam
890 2669 1041 2744 propter
1074 2660 1316 2743 piscacionem

323 2764 512 2827 animarum
544 2766 791 2827 trahendarum
823 2764 869 2827 ad
894 2764 979 2828 litus
1016 2764 1206 2830 soliditatis
1235 2785 1316 2848 per·

322 2877 433 2952 petue
464 2869 500 2931 in
534 2869 673 2932 retibus
709 2868 808 2950 regis
842 2868 982 2946 Christi,
1020 2879 1060 2935 ut
1097 2868 1149 2933 sic
1186 2879 1318 2953 peccat

323 2974 525 3053 mortaliter,
558 2983 598 3036 ut
624 2981 726 3055 patet
752 2973 887 3037 XXIII
911 2995 987 3058 cap.
1014 2974 1128 3057 quinti
1154 2975 1245 3049 libri,
1279 2985 1317 3038 et

323 3099 390 3162 per
406 3098 631 3161 consequens
656 3079 822 3161 quamdin
842 3078 1025 3142 duraverit
1039 3079 1119 3142 talis
1135 3078 1316 3142 declinans
1328 3088 1359 3138 25

324 3183 479 3247 intencio
503 3183 538 3245 in
562 3184 805 3265 occupacione
821 3184 941 3247 vocati
963 3183 1129 3246 beneficii
1152 3183 1316 3247 ecclesia·

324 3288 405 3351 stici
431 3289 489 3350 vel
519 3287 700 3370 dignitatis
729 3288 860 3351 crimen
890 3287 1038 3371 amplius
1068 3288 1235 3352 continue
1263 3289 1316 3351 in·

324 3392 481 3470 valescit,
503 3393 643 3455 dicente
659 3392 912 3475 Lyncolniensi
927 3392 963 3455 in
980 3394 1129 3475 quadam
1146 3393 1316 3476 epistola:

324 3497 590 3579 Dtspensacione
605 3497 845 3578 beneficiorum
854 3499 1009 3579 quisquis
1024 3498 1186 3578 abutitur,
1198 3499 1257 3579 qni
1269 3500 1318 3561 ad

324 3603 435 3664 atium
449 3602 562 3681 finem
584 3622 690 3682 qnam
713 3604 761 3665 od
773 3604 864 3682 fidei
886 3608 917 3665 et
932 3604 1089 3666 caritatis
1109 3608 1315 3684 augmenta·
1328 3610 1362 3661 30

324 3708 454 3770 cionem
478 3709 597 3770 eadem
620 3709 736 3772 ntitnr.
761 3706 946 3788 Quomodo
970 3705 1079 3790 igitur
1102 3706 1316 3791 excusatur!

325 3810 540 3873 distribuens
564 3814 659 3874 bona
683 3811 834 3874 ecclesie
856 3818 1008 3894 propter
1029 3831 1170 3874 carnem
1185 3813 1244 3874 vel
1267 3812 1317 3875 fa·
1347 3822 1408 3886 199·

376 4012 399 4051 4.
415 3998 504 4042 codd:
519 4004 630 4042 :noverat
644 4004 669 4042 ut
682 4000 748 4044 trane.
805 3999 825 4052 5,
840 3998 861 4040 6.
878 3998 907 4041 B:
922 4000 1152 4054 constringerentur.
1208 4011 1240 4052 ¹4·
1256 4001 1278 4042 Α
1293 4000 1317 4043 in

326 4081 411 4123 marg:
427 4069 462 4111 Ad
477 4067 499 4112 6.
557 4068 593 4113 28.
609 4069 698 4112 codd:
714 4068 873 4112 linconiense.

381 4191 419 4227 io.
440 4177 528 4226 tiussii
549 4176 591 4225 De
619 4177 689 4227 Eccl.
721 4176 765 4228 sol.
799 4175 947 4226 ccxxlv·.
1002 4189 1044 4241 24.
1070 4178 1108 4227 De
1131 4177 1207 4227 civili
1238 4178 1316 4227 Domi

326 4264 371 4312 nio
395 4263 435 4329 lli,
458 4262 509 4326 485
541 4278 617 4329 seqq.
690 4278 729 4330 ²9·
755 4263 873 4329 Epistola
897 4263 1003 4314 Roberti
1025 4265 1191 4314 Grosseteste
1217 4265 1317 4314 directa

326 4350 435 4399 domino
454 4351 560 4416 Hugoni
580 4352 612 4400 de
632 4350 779 4400 Pateshillis
798 4351 839 4401 ed.
861 4352 946 4402 Luard
967 4367 990 4416 p.
1012 4366 1055 4419 99.
