3008 5026
180 355 249 401 cun.
265 344 338 425 vnn]
476 360 520 410 ne
541 358 751 410 notescunt
775 359 873 410 enne.
1328 350 1384 425 ¹87

181 517 272 579 enim
295 515 520 600 Augustinus
542 516 577 578 in
600 517 658 578 De
681 514 807 578 Verbis
830 514 975 577 Domini
997 513 1167 578 Sermone
1198 549 1249 592 Th,
1263 551 1328 603 „W
1343 552 1368 594 0,-

179 620 283 682 XLV
322 639 369 682 ex
405 619 536 702 triplici
573 620 749 701 scripture
786 617 989 682 testimonio
1028 619 1167 701 signum
1196 603 1367 711 amm?

180 724 484 787 evidentissimum
498 723 722 787 Antichristi:
738 724 887 806 primum
904 733 961 786 est
974 723 1061 785 illud
1070 724 1165 805 Apo·
1215 709 1353 762 A⁰⁸⁰⁸¹i¹¹‘·

180 829 262 893 stoli
299 829 402 895 Rom.
438 828 486 909 X,
523 850 557 909 3:
595 828 798 910 Ignorantes
834 829 900 891 Dei
935 830 1108 891 iusticiam
1138 833 1168 891 et

156 947 283 996 §snam
314 935 460 997 uolentes
490 935 700 1014 constituere,
734 934 865 996 iusticie
896 933 962 996 Dei
994 951 1059 995 non
1091 937 1169 995 snut

179 1039 326 1102 subiecti.
363 1037 469 1100 Unde
503 1037 585 1119 quia
615 1037 702 1099 illud
734 1037 872 1120 signum
910 1037 1091 1099 concludit
1121 1037 1169 1099 in·

179 1141 373 1206 fallibiliter
387 1141 654 1221 Antichristum,
672 1141 822 1223 exponit
836 1141 1061 1223 Augustinus
1078 1141 1169 1203 idem

180 1245 436 1327 pertinencius:
463 1246 563 1328 Quid,
585 1246 709 1328 inquit,
734 1251 781 1309 est
803 1247 901 1308 atiud
923 1248 1088 1325 ignorare
1107 1246 1172 1309 Dei

180 1352 354 1413 iusticiam
378 1361 409 1413 et
429 1370 531 1414 snam
555 1352 638 1414 uelle
659 1351 860 1413 constituere
881 1351 951 1412 nisi
965 1350 1088 1422 dicere,
1111 1363 1170 1431 ego

140 1455 361 1534 rosanctifico,
394 1468 453 1535 ego
478 1455 635 1533 iustifico,
665 1456 755 1534 qnod
781 1466 841 1535 ego
864 1456 987 1517 dedero
1014 1459 1170 1516 sanctum

179 1564 237 1638 est,
261 1560 392 1621 dimitte
412 1558 481 1621 Deo
504 1560 593 1638 quod
608 1558 674 1622 Dei
696 1563 752 1635 est,
775 1571 930 1638 agnosce,
951 1559 1060 1636 homo,
1083 1559 1172 1637 qnod

178 1664 327 1726 hominis
359 1669 423 1738 est,·
452 1664 597 1743 ignoras
628 1662 694 1726 Dei
725 1663 899 1724 iusticiam
931 1667 961 1724 et
992 1667 1088 1725 tuam
1119 1664 1173 1724 uis

180 1768 386 1845 constituere,
408 1767 596 1845 iustificare
611 1787 666 1830 me
681 1769 743 1841 vis,
766 1765 895 1845 sufficit
909 1767 970 1828 tibi
985 1772 1022 1828 ut
1038 1785 1170 1830 mecum

180 1870 383 1950 iustificeris.
421 1870 622 1934 Vendicant
664 1871 755 1933 enim
797 1870 938 1952 quidam
976 1872 1172 1933 secundum

140 1975 282 2056 151eges
321 1995 403 2038 suas
440 1994 571 2057 regere
610 1983 725 2038 totum
768 1976 935 2037 mundum
981 1985 1017 2037 et
1054 1985 1172 2038 tamen

180 2081 343 2143 nesciunt
376 2083 570 2145 secundum
603 2082 704 2163 leges
737 2079 806 2142 Dei
838 2100 878 2143 se
909 2080 1011 2162 ipsos
1042 2100 1171 2162 regere

180 2186 238 2246 vel
262 2205 346 2248 suos
370 2186 598 2261 domesticos,
628 2195 664 2247 et
687 2204 766 2247 cum
789 2184 838 2246 illi
860 2186 993 2246 habent
1015 2185 1171 2266 pseudo·

180 2289 374 2371 discipulos
405 2291 549 2372 publice
582 2298 784 2352 asserentes
816 2291 914 2371 quod
945 2288 1014 2370 ipsi
1046 2288 1171 2351 melius

181 2404 217 2456 et
241 2393 499 2458 universalibus
521 2402 654 2476 regunt
678 2393 863 2456 ecclesiam
888 2412 992 2475 quam
1010 2392 1171 2456 Christus

138 2523 171 2556 πο
180 2499 238 2560 vel
263 2498 339 2560 eius
364 2498 527 2580 apostoli.

224 2601 428 2665 Secundum
466 2602 705 2666 testimonium
744 2612 800 2666 est
836 2603 923 2665 illud
954 2603 1031 2681 Joh.
1055 2600 1100 2682 V,
1129 2622 1169 2681 43

181 2715 313 2769 tactum
337 2708 517 2789 superius:
545 2708 617 2789 Ego
645 2711 722 2772 veni
744 2710 779 2770 in
803 2709 942 2771 nomine
965 2708 1082 2787 patris
1103 2707 1172 2769 mei

181 2817 211 2874 et
233 2831 300 2874 non
323 2815 501 2894 accepistis
522 2833 586 2877 me,
633 2812 672 2877 Si
698 2815 791 2876 alins
823 2813 949 2876 venerit
977 2812 1172 2873 innomine

180 2935 251 2992 suo,
276 2919 374 2979 iilum
398 2919 578 2998 accipietis.
602 2916 720 2999 Super
742 2936 814 2999 quo
832 2915 916 2978 dicit
932 2914 1171 2997 Augustinus:

138 3029 169 3078 25
182 3021 232 3083 De
247 3021 453 3084 Antichristo
476 3024 603 3085 dictum
625 3028 681 3104 est,
706 3027 736 3084 et
757 3040 875 3084 omnes
896 3023 946 3083 sic
968 3022 1173 3099 intelligunt:

181 3124 252 3205 Ego
276 3126 351 3187 veni
377 3126 412 3186 in
440 3128 580 3189 nomine
602 3127 717 3207 patris
740 3126 808 3189 mei
830 3131 860 3188 et
884 3144 951 3187 non
978 3125 1173 3204 suscepistis

181 3247 245 3306 me,
267 3230 299 3291 si
321 3230 414 3292 atius
433 3232 561 3292 venerit
576 3233 613 3294 in
629 3232 767 3293 nomine
782 3249 854 3310 sno,
870 3231 959 3292 hunc
973 3230 1173 3310 suscipietis.

181 3336 245 3396 Sed
254 3335 443 3397 audiamus
452 3334 645 3399 iohannem
652 3357 662 3398 .·
677 3335 842 3413 Audistis,
851 3336 933 3415 qnia
943 3335 1173 3399 Antichristus

179 3441 278 3515 uenit,
309 3445 340 3501 et
370 3457 462 3502 nunc
483 3440 685 3504 Antichristi
715 3442 816 3504 multi
835 3442 927 3518 sacti
954 3445 1040 3503 sunt.
1083 3437 1173 3518 Quid

90 3549 153 3615 207⁴
181 3547 294 3605 antem
333 3546 588 3623 expavescimus
624 3546 660 3607 in
689 3545 906 3620 Antichristo,
949 3545 1018 3606 nisi
1052 3541 1057 3626 Ι
1092 3543 1173 3623 quia

181 3664 303 3709 nomen
334 3665 437 3710 suum
468 3648 700 3711 honoraturus
737 3655 784 3712 est
822 3653 852 3711 et
883 3665 1005 3709 nomen
1037 3647 1172 3708 domini

180 3755 443 3833 contempturus.
465 3749 556 3824 Quid
570 3754 669 3815 alind
682 3752 784 3832 facit,
800 3754 860 3832 qui
875 3752 969 3814 dicit:
984 3750 1056 3830 Ego
1072 3750 1172 3812 insti-

178 3854 275 3932 fico?
297 3856 476 3937 respondet
499 3858 547 3919 eis
568 3859 732 3935 subdituS,
755 3870 815 3938 ego
839 3858 886 3917 ad
903 3854 1076 3921 Christum
1098 3855 1174 3917 ueni

232 4108 254 4147 4.
270 4093 357 4137 Codd.:
373 4092 438 4136 Rom.
449 4094 466 4136 1.
524 4106 555 4137 ιο.
573 4093 645 4137 eod:
660 4105 707 4149 epo
720 4093 850 4149 sanctifico,
864 4092 1049 4150 egosancttfico.
1105 4105 1138 4136 αι.
1155 4091 1172 4134 Β

182 4165 205 4206 in
220 4175 308 4219 marg:
325 4163 402 4214 nna,-
416 4167 437 4207 A
447 4165 471 4208 in
486 4176 573 4219 marg:
589 4175 605 4207 1.
663 4163 699 4207 28.
717 4164 734 4207 B
748 4165 771 4208 in
788 4176 873 4218 marga
888 4162 958 4208 Nota.

238 4305 257 4337 1.
276 4292 361 4338 Senn.
382 4289 481 4338 CXXIX
503 4290 575 4356 Opp.
593 4301 658 4342 tom.
672 4290 703 4340 V.
722 4288 781 4341 633.
855 4289 895 4340 28.
914 4290 933 4341 1.
951 4291 1009 4342 ioh.
1030 4291 1059 4352 ll,
1082 4289 1120 4342 18.
