3008 5026
668 382 838 432 JOHANle
857 378 996 430 wicus
1183 358 1268 447 [cre.
1287 375 1336 420 xu.

344 557 416 618 sua,
450 557 527 600 cum
561 537 666 619 signo
698 539 744 599 ab
778 555 822 599 eo
858 546 1007 619 accepto
1041 537 1087 598 ad
1112 534 1179 600 rite
1205 537 1337 600 consti·

343 643 511 704 tuendum
552 642 724 723 prelatum
761 640 925 719 ecclesie,
969 649 1006 703 et
1037 639 1088 703 sic
1120 638 1223 702 foret
1257 661 1336 723 per·

344 745 512 809 sonaliter
544 745 670 808 Ihesus
694 745 864 809 Christus.
903 742 1059 828 Oportet
1091 743 1185 807 enim
1217 744 1339 808 Deum

344 849 442 932 prius
475 849 642 934 eligendo
668 859 705 912 et
726 849 942 912 habilitando
972 847 1202 921 constituere,
1236 849 1340 914 cuius

344 954 562 1017 ordinacioni
585 955 802 1017 concordans
831 973 942 1036 sagax
970 953 1243 1017 instrumentum
1268 954 1364 1018 Dei5

344 1067 468 1141 potest
491 1078 571 1121 esse
595 1059 710 1122 nudus
733 1059 981 1142 promulgator
1003 1056 1122 1121 divine
1138 1059 1340 1137 sentencie,

345 1172 381 1225 et
404 1163 602 1244 ignorando
628 1163 783 1226 divinam
807 1162 1023 1226 sentenciam
1039 1164 1220 1240 reticeret,
1244 1163 1340 1228 sicut

344 1267 507 1330 fecerunt
539 1267 689 1349 apostoli
712 1267 748 1329 in
773 1266 954 1329 eleccione
977 1266 1136 1332 Matthie.
1175 1265 1216 1332 Si
1244 1268 1340 1332 enim

345 1371 576 1434 contrariatur
608 1370 726 1434 divine
751 1370 944 1448 sentencie,
979 1379 1062 1434 tunc
1090 1380 1236 1454 peccat;
1272 1393 1342 1436 nec

346 1478 456 1539 debet
479 1475 547 1538 sibi
570 1475 605 1537 in
625 1476 693 1538 hoc
712 1475 808 1538 credi
825 1495 891 1538 nec
911 1496 932 1538 a
946 1473 1111 1539 fidelibus
1128 1477 1341 1556 consentiri,
1355 1499 1383 1533 ιο

345 1580 426 1663 quia
443 1579 543 1643 aliter
558 1588 685 1661 posset
700 1600 794 1663 papa
811 1599 891 1642 esse
903 1598 980 1642 cum
990 1579 1059 1642 sibi
1069 1581 1341 1659 adherentibus,

344 1684 433 1748 infra
448 1684 624 1748 modicum
641 1694 782 1766 tempus
798 1683 969 1746 maximus
982 1682 1237 1762 Antichristus,
1256 1685 1342 1767 quia

344 1788 542 1873 proditorie
571 1798 693 1852 contra
718 1787 892 1852 Christum
917 1787 1094 1870 dissipans
1124 1808 1215 1852 oves
1238 1809 1340 1860 suas;

343 1895 413 1957 hoc
447 1902 562 1955 autem
598 1901 653 1956 est
690 1892 829 1974 signum
866 1891 1088 1975 potissimum
1113 1891 1342 1958 Antichristi.

345 1997 445 2078 Item,
479 2006 534 2060 est
557 1998 660 2060 valde
683 1996 855 2080 possibile
884 1996 980 2078 quod
1003 2016 1097 2078 papa
1114 1996 1264 2079 ignoret
1280 2000 1341 2062 vel
1355 2006 1381 2056 15

344 2101 504 2185 negligat
534 2121 723 2184 personam
756 2102 932 2183 ydoneam
963 2099 1066 2184 gregi
1100 2100 1199 2165 fideli
1236 2111 1340 2185 post-

345 2226 492 2289 ponere,
527 2206 592 2270 sed
624 2204 726 2267 nimis
749 2205 985 2288 periculosum
1009 2214 1046 2268 et
1069 2207 1215 2268 stultum
1239 2205 1341 2270 foret

346 2331 424 2373 cum
456 2311 524 2372 hoc
556 2310 731 2392 preficere
763 2310 937 2392 prelatum
970 2308 1131 2388 ecclesie,
1164 2309 1280 2392 igitur
1303 2311 1340 2375 in

344 2415 404 2477 illo
429 2413 547 2476 officio
573 2414 711 2477 adiacet
726 2434 819 2498 pape
835 2434 999 2496 magnum
1015 2413 1222 2496 periculum.
1247 2413 1341 2479 Cum

344 2519 451 2602 igitur
490 2519 525 2581 in
564 2518 657 2582 omni
689 2519 750 2581 tali
781 2537 863 2600 pars
896 2517 1054 2581 securior
1090 2527 1147 2581 est
1177 2520 1383 2583 tenendaro

344 2623 486 2688 videtur
523 2625 621 2707 quod
659 2623 817 2687 securius
855 2631 892 2686 et
923 2621 1085 2706 optacius
1121 2621 1218 2686 foret
1248 2622 1341 2688 illud

345 2728 521 2791 dimittere
555 2738 591 2791 et
622 2748 687 2810 per
711 2746 935 2810 consequens
955 2725 960 2810 Ι
980 2746 1074 2810 papa
1097 2736 1272 2809 peccaret
1304 2728 1341 2791 in
1368 2734 1423 2802 ²47⁴

346 2832 511 2915 eligendo
522 2842 658 2915 partem
669 2841 738 2895 tarn
754 2832 987 2914 periculosam
1003 2841 1109 2914 atque
1126 2830 1341 2918 ambiguam.

344 2936 433 2999 Nam
470 2938 570 3000 iuxta
606 2939 723 3022 legem
761 2956 853 3019 pape
891 2935 926 2998 in
958 2936 1016 2998 De
1049 2935 1340 3002 Consecracione

345 3040 577 3103 distinccione
588 3040 636 3102 V:
661 3041 736 3103 Non
753 3041 970 3104 mediocriter
980 3046 1107 3122 peccat,
1129 3042 1188 3120 qui
1204 3043 1341 3106 maiori
1351 3052 1381 3102 25

344 3147 427 3208 bono
449 3148 634 3228 postposito
658 3147 751 3225 eligit
775 3147 891 3208 mium
914 3146 1050 3208 bonum.

166 3263 295 3317 siurone
389 3252 621 3331 Assumptum
653 3258 754 3331 patet
785 3248 821 3310 in
853 3249 947 3312 facto
979 3250 1024 3312 de
1056 3248 1229 3313 distancia
1256 3271 1341 3334 per·

137 3315 325 3422 ⁰‘{,⁹,'¹„2E,fi⁰,¹,¹,¹·‘⁵
345 3373 508 3416 sonarum
556 3354 821 3436 inexpertarum
863 3373 950 3435 quas
999 3374 1046 3417 ex
1084 3352 1178 3416 nudo
1220 3358 1339 3419 verbo

172 3421 295 3532 mssa
346 3457 487 3520 testium
512 3477 633 3520 eorum
655 3477 743 3539 sepe
767 3457 917 3539 preficit,
940 3466 976 3520 et
992 3478 1038 3520 ex
1053 3458 1122 3520 hoc
1139 3460 1240 3540 quod
1255 3459 1341 3543 ipse

177 3524 282 3580 ’ΝΜ
344 3582 385 3623 ac
410 3561 671 3625 examinatores
695 3562 749 3624 sui
772 3562 937 3644 ignorant
960 3561 1193 3625 communiter
1216 3583 1341 3628 mores
1352 3573 1384 3623 30

344 3685 499 3746 persone
524 3674 703 3740 extranee,
728 3674 764 3728 et
787 3666 905 3747 quoad
929 3665 1115 3728 scienciam
1139 3685 1230 3748 sepe
1253 3688 1339 3751 pre·

344 3771 544 3852 ponderant
576 3779 685 3833 artem
717 3770 878 3855 litigandi
911 3770 1061 3833 civiliter
1093 3770 1157 3833 arti
1187 3774 1341 3837 curandi

345 3874 489 3951 animas,
515 3875 609 3955 quod
634 3884 689 3937 est
713 3874 876 3937 condicio
892 3874 1112 3939 Antichristi.
1135 3874 1342 3943 Recoleret

397 4113 417 4158 3.
434 4114 465 4157 B:
483 4114 587 4157 christus
601 4114 672 4157 deest.
728 4112 766 4156 25.
779 4118 867 4168 peccat.
882 4113 961 4158 Recte:
976 4119 1065 4158 errant.
1128 4126 1167 4170 ²9·
1182 4113 1281 4161 Cedat
1297 4124 1342 4164 ter·

344 4185 400 4226 tium
412 4184 504 4239 florum.

398 4272 437 4371 aa.
457 4309 495 4358 De
515 4310 638 4358 Consecr.
659 4309 721 4374 Cap.
741 4309 830 4358 XXIV.
