3008 5026
167 403 235 447 cnr.
250 391 302 470 xi]
463 407 508 457 ne
527 405 739 457 roresrnre
759 403 857 453 rnre,

168 572 205 628 et
229 564 274 627 de
298 563 522 627 continencia
539 561 666 626 mentis
683 560 865 644 spirituali,
890 561 971 624 dum
987 559 1157 624 memoria

167 669 313 752 proprie
344 667 543 752 fragilitatis
575 677 615 730 ut
646 676 749 744 terra,
787 665 1010 730 continuacio
1043 664 1156 728 dulcis

170 773 380 838 devocionis
403 782 443 836 ut
458 792 556 856 aqua,
577 772 733 836 tenuitas
749 770 946 854 corporalis
963 768 1156 834 cibacionis

168 886 208 942 ut
231 898 290 941 aer
306 885 343 940 et
358 877 480 942 raritas
496 875 678 939 muliebris
695 873 982 939 conversacionis
998 885 1037 938 ut
1051 874 1157 957 ignis,
1176 893 1236 938 now
1251 902 1275 937 ιο
1290 901 1350 936 nnn

143 981 301 1052 §faciunt
328 981 551 1045 sacerdotem
579 979 723 1044 Domini
752 979 1002 1043 continentem.
1040 978 1157 1043 Nichil
1202 947 1241 990 ¹¹¹⁸
1258 946 1324 990 Μ’

169 1086 261 1150 enim
277 1094 411 1149 tantum
428 1087 523 1149 valet
540 1086 584 1148 ad
600 1085 812 1148 domandum
833 1084 946 1148 carnis
970 1082 1156 1162 desideria,

169 1190 262 1254 sicut
275 1209 428 1272 pensare
442 1191 622 1274 quomodo
639 1189 892 1253 incinerabitur
906 1197 993 1271 post
1007 1197 1157 1252 mortem

166 1294 318 1360 hominis
341 1294 435 1359 facta
456 1305 564 1370 terra;
589 1294 813 1359 continuacio
832 1313 920 1357 vero
938 1292 1157 1371 devocionis,

170 1398 386 1482 extinguens
402 1400 528 1478 ocium,
555 1408 728 1482 precavet
744 1419 848 1463 omne
872 1397 1005 1461 crimen
1034 1406 1070 1460 et
1092 1416 1159 1479 per

127 1522 395 1586 inconsequens
420 1503 532 1567 carnis
555 1505 686 1567 luxum.
719 1502 891 1567 Ieiunium
915 1521 1002 1565 vero
1026 1522 1158 1565 cavens

169 1610 346 1691 crapulam
381 1628 460 1671 cum
492 1607 666 1671 adiutorio
696 1607 838 1671 celestis
866 1606 953 1669 radii
980 1605 1158 1688 extinguit

167 1713 286 1798 ignem
306 1712 472 1791 libidinis,
501 1721 538 1776 et
561 1711 742 1777 caritativa
764 1711 849 1794 fuga
871 1710 1052 1774 muliebris
1076 1730 1157 1774 con·

168 1818 275 1882 soreii
299 1827 336 1883 et
363 1818 601 1902 profugienda
631 1816 771 1880 luxuria
796 1815 1065 1900 supereminens
1088 1835 1157 1879 me·

169 1923 292 1987 dicina.
314 1923 517 1987 Evanescas
539 1921 648 2008 igitur
671 1931 709 1986 et
723 1941 795 1984 non
812 1929 987 2004 expectes
1001 1920 1039 1984 in
1059 1920 1157 2004 cogi·

128 2028 309 2096 stacione
332 2027 392 2090 vel
419 2046 572 2110 corpore
599 2025 772 2091 muliebre
801 2025 1024 2090 consorcium
1048 2025 1157 2089 instar

167 2132 270 2216 ignis,
313 2132 395 2216 quia
435 2131 503 2195 nisi
543 2130 709 2194 habueris
745 2129 866 2214 ignem
903 2129 1044 2209 amoris,
1086 2150 1158 2194 non

170 2238 326 2301 calesces
350 2237 673 2320 supernaturaliter.

212 2340 338 2404 Tereia
353 2339 465 2404 vestis
481 2349 565 2403 sunt
579 2340 769 2418 femoralia,
786 2361 856 2423 que
872 2348 996 2423 preter
1009 2341 1157 2403 braccas
1180 2357 1231 2402 me
1245 2358 1356 2418 trecenis

71 2460 136 2524 231⁵
170 2443 401 2530 comlmunes
425 2445 593 2508 sacerdos
616 2444 739 2507 induet
760 2444 796 2507 in
820 2444 960 2528 signum
984 2443 1157 2508 castitatis
1189 2411 1306 2506 agmen
1321 2415 1345 2453 ⁰¹

125 2581 157 2613 20
170 2549 280 2613 eciam
306 2548 495 2625 interioris,
520 2550 601 2611 dum
625 2558 729 2612 vacat
752 2547 881 2613 divinis
904 2547 1040 2612 officiis.
1080 2547 1157 2612 Nou

168 2656 260 2718 enim
283 2655 377 2717 credi
398 2654 490 2716 debet
511 2654 703 2717 sacerdotes
723 2654 844 2717 ueteris
862 2654 1052 2717 testamenti
1067 2654 1159 2717 alias

167 2760 322 2823 continue
353 2760 567 2838 discooperta
598 2775 702 2822 carne
734 2759 884 2840 pudoris
920 2757 1083 2840 incedere,
1121 2762 1159 2820 ut

168 2866 281 2928 solnm
297 2864 458 2927 intrando
476 2864 512 2925 iu
531 2868 652 2926 saneta
670 2864 818 2926 verenda
836 2867 947 2944 tegere
965 2863 1156 2945 iubeantur,

167 2968 227 3032 sed
247 2969 417 3031 servando
440 2968 596 3031 continue
610 2968 801 3031 castitatem
821 2967 1037 3048 coniugalem
1053 2968 1158 3030 votuit

125 3086 280 3136 iiserrno
304 3072 378 3150 Dei,
406 3077 442 3135 ut
468 3073 680 3135 sacerdotem
702 3070 899 3152 fritigeutem
926 3070 1041 3151 officio
1064 3073 1159 3135 sacri

170 3173 353 3241 ministerii
374 3178 546 3257 cooperiat
566 3177 707 3238 castitas
728 3177 936 3256 singularis·
958 3178 1048 3238 uude
1075 3177 1158 3256 quia

167 3283 359 3345 sacerdotes
381 3283 459 3344 novi
481 3282 672 3344 testamenti
694 3281 907 3361 incouingati
933 3299 1074 3343 servare
1096 3280 1156 3344 de-

167 3388 242 3450 bent
264 3386 456 3449 castitatem
484 3386 691 3466 virginalem
717 3387 883 3464 continue,
916 3386 990 3448 ideo
1022 3389 1158 3449 tantmn

169 3495 313 3554 utuntur
325 3489 560 3570 femoralibus
581 3490 819 3552 communibus
846 3490 893 3551 ad
915 3490 1158 3568 denotandum,

127 3597 258 3676 soqnod
287 3595 443 3658 continue
475 3613 542 3657 uon
573 3595 649 3657 licet
680 3595 729 3658 eis
760 3599 796 3656 ut
818 3595 1051 3657 sacerdotibus
1072 3595 1159 3676 tegis

169 3702 290 3763 veteris
300 3703 378 3781 post
393 3700 599 3780 corripietnm
615 3699 780 3779 officium,
795 3701 915 3763 lauare
926 3699 1157 3762 ministerium

168 3806 323 3868 carnatis
353 3806 486 3885 copule·
517 3805 566 3867 eis
598 3805 689 3867 enim
716 3822 784 3884 pro
806 3805 980 3868 servanda
1003 3804 1159 3867 castitate

1244 2463 1321 2519 astity.

220 4075 243 4114 4.
259 4061 287 4105 B:
305 4065 331 4104 ut
343 4061 427 4116 signis.
484 4059 517 4105 18.
534 4060 562 4103 B:
581 4063 636 4102 runt
649 4059 721 4102 deest.
742 4058 817 4103 Codd.
837 4060 861 4104 in
881 4071 967 4115 marga
986 4059 1069 4104 Tereia
1088 4059 1158 4103 veetr's

161 4131 304 4188 femoralia.
321 4130 423 4175 Caetirar
436 4130 557 4174 sacerdoti
568 4130 708 4173 necessaria.

206 4270 246 4308 20.
266 4255 305 4307 Cf.
337 4257 416 4323 Hugo
445 4257 484 4308 De
514 4257 688 4308 sacramentis
715 4257 733 4308 1.
758 4271 780 4309 c.
808 4272 833 4323 p.
863 4257 923 4320 450.
956 4257 1023 4323 Very
1053 4255 1156 4320 looeely

169 4343 278 4409 quoted.
