3008 5026
648 391 819 443 tonsurus
838 391 979 442 wrcen
1176 371 1261 459 [cun.
1277 386 1316 431 x1.

323 548 486 613 meritum
510 548 641 612 Christi
673 557 804 613 tantum
836 547 935 611 finite
967 547 1118 630 prodest
1150 547 1318 623 ecclesie,

323 653 466 717 videtur
497 655 595 736 quod
627 674 731 717 omne
755 654 848 717 aliud
871 653 1034 717 meritum
1062 652 1221 735 proderit
1248 654 1318 715 sub

323 780 394 823 non
418 760 540 841 gradu.

366 864 412 926 Et
437 866 441 945 Ι
467 885 514 927 ex
546 863 624 928 istis
657 864 799 927 videtur
842 865 941 947 quod
973 863 1136 927 dicentes
1175 882 1319 925 omnem
1350 883 1408 946 ²37¹

322 968 500 1032 hominem
537 969 626 1032 sumi
666 970 710 1032 de
744 989 896 1052 corpore
938 989 1004 1052 pro
1043 976 1205 1050 tempore
1245 987 1345 1050 qu05

323 1073 436 1157 magis
464 1075 654 1156 prodesset
683 1074 844 1145 ecclesie,
874 1074 1078 1157 periculose
1105 1072 1321 1155 sompniant‚

324 1177 407 1261 quia
438 1179 497 1240 vel
529 1188 658 1261 posset
690 1178 901 1241 universalis
934 1178 1087 1241 ecclesia
1121 1197 1202 1240 esse
1238 1197 1320 1259 per·

324 1280 459 1345 seccior
488 1302 592 1364 quam
619 1282 688 1346 ista
712 1281 777 1344 erit
801 1283 845 1344 de
873 1281 968 1346 facto
992 1284 1051 1345 vel
1074 1302 1154 1345 non.
1193 1280 1233 1345 Si
1258 1281 1320 1360 sic,

324 1386 593 1449 concedendum
609 1385 705 1449 foret
715 1397 978 1468 consequenter
989 1387 1083 1469 quod
1098 1406 1193 1448 mors
1205 1385 1320 1448 cuius·

325 1509 475 1571 cumque
498 1489 647 1572 presciti
669 1498 798 1572 posset
820 1490 901 1572 plus
917 1492 1094 1573 prodesse
1111 1489 1266 1553 ecclesie
1284 1498 1366 1557 et1o

323 1614 389 1676 per
421 1613 647 1676 consequens
680 1613 760 1675 non,
794 1593 824 1656 si
857 1593 941 1656 alias
965 1596 1024 1656 vel
1057 1594 1157 1657 aliter
1189 1593 1322 1657 fuisset

324 1707 495 1782 mortuus,
519 1698 633 1761 minus
650 1699 846 1781 prodesset
862 1699 1024 1777 ecclesie,
1048 1699 1129 1782 quia
1145 1698 1196 1761 sic
1213 1717 1320 1760 omne

324 1804 454 1866 factum
477 1806 611 1866 bonum
635 1805 693 1866 vel
716 1805 844 1866 malum
869 1812 984 1867 actum
1013 1814 1112 1866 esset
1139 1804 1183 1865 ad
1206 1812 1321 1865 matu·

323 1909 451 1972 riorem
475 1908 676 1990 profectum
710 1908 871 1972 ecclesie.
911 1905 949 1972 Si
976 1928 1056 1988 non,
1084 1917 1168 1971 tunc
1194 1927 1321 1969 conse·

325 2024 475 2097 quenter
518 2014 788 2076 concedendurn
833 2012 926 2076 foret
960 2014 1058 2095 quod
1095 2014 1213 2076 omnia
1258 2030 1366 2093 queo

325 2120 473 2182 evenient
509 2120 658 2181 absolute
689 2120 881 2182 necessario
910 2119 1090 2200 evenirent,
1132 2138 1211 2180 cum
1238 2137 1322 2180 con·

325 2221 515 2304 tingencia‚
549 2222 579 2284 si
610 2232 773 2305 ponatur,
806 2242 898 2304 eque
922 2222 1071 2304 respicit
1098 2242 1202 2285 omne
1227 2241 1323 2304 opus

326 2326 397 2389 Dei
420 2329 479 2389 vel
502 2326 647 2410 aliquod
669 2347 740 2409 quo
765 2328 809 2389 ad
830 2327 957 2410 ipsum.

127 2426 168 2469 ⁸¹¹¹
184 2425 204 2467 *⁵
220 2431 260 2467 ”⁰¹
275 2431 300 2466 ¹⁰
369 2431 536 2496 Dimissis
560 2441 676 2494 autem
699 2431 777 2494 istis
801 2432 965 2495 stulticiis
990 2430 1196 2494 conceditur
1221 2433 1323 2513 quod

122 2478 151 2520 be
165 2475 300 2519 committed

171 2529 251 2572 Μ
328 2555 431 2598 omne
464 2544 651 2618 peccatum
685 2535 769 2599 facit
802 2537 845 2597 ad
873 2536 1059 2600 utilitatem
1088 2543 1124 2598 et
1145 2538 1322 2598 honorem
1335 2566 1368 2600 ιο

215 2592 265 2622 eun

149 2580 273 2678 apppemtsl
328 2640 492 2721 ecclesie,
524 2658 596 2702 non
628 2649 745 2703 tamen
784 2650 839 2702 est
876 2650 1072 2722 propterea
1109 2639 1322 2720 faciendum,

328 2744 409 2826 quia
432 2765 510 2807 cum
535 2744 660 2807 caritas
684 2743 810 2826 incipit
834 2764 914 2806 ase
938 2745 1025 2826 ipsa,
1054 2765 1158 2807 nemo
1181 2744 1323 2809 faceret

327 2848 459 2931 aliquid
482 2848 547 2912 nisi
571 2850 667 2931 quod
688 2848 756 2911 sibi
777 2848 937 2930 proderit
959 2859 995 2911 et
1017 2859 1139 2912 sancte
1157 2849 1321 2915 ecclesie.

327 2951 401 3016 Sed
425 2952 510 3035 quid
533 2954 685 3035 prodest
705 2952 847 3031 homini,
873 2954 969 3035 quod
995 2953 1046 3016 sic
1064 2956 1213 3035 peccat?
1236 2953 1321 3016 Non

328 3057 420 3120 enim
437 3057 610 3139 sequitur:
634 3057 715 3119 Hoc
731 3066 919 3139 peccatum
936 3078 1003 3140 per
1026 3058 1189 3121 accidens
1212 3058 1322 3121 insert
1334 3073 1365 3124 25

326 3163 459 3224 bonum
492 3161 633 3239 homini,
667 3162 748 3244 quia
780 3182 907 3245 penam
941 3172 977 3226 et
1009 3163 1084 3245 alia,
1116 3163 1224 3246 igitur
1252 3163 1322 3226 sibi

327 3267 494 3347 prodest;
530 3266 612 3348 quia
643 3266 703 3329 illo
729 3269 907 3329 subducto
933 3277 969 3330 et
1000 3288 1224 3350 quocumque
1248 3277 1321 3331 tam

327 3372 418 3433 malo
460 3371 621 3453 sequitur
658 3374 754 3453 quod
807 3373 933 3435 melius
980 3372 1047 3435 sibi
1086 3382 1191 3435 esset.
1230 3373 1321 3437 Ideo

328 3483 475 3557 oportet
500 3476 699 3538 concedere
724 3479 820 3559 quod
847 3497 951 3539 omne
972 3488 1156 3560 peccatum
1173 3479 1323 3560 presciti

328 3580 433 3642 obest
458 3579 535 3661 sibi,
561 3589 597 3643 et
620 3600 692 3643 non
715 3582 875 3662 prodest,
909 3582 993 3645 licet
1015 3582 1132 3664 prosit
1155 3582 1321 3645 ecclesie.
1335 3598 1368 3647 30

328 3681 405 3745 Nec
429 3693 583 3766 oportet,
616 3684 645 3747 si
672 3687 778 3748 homo
803 3687 913 3748 debet
936 3687 1028 3748 velle
1056 3686 1091 3749 in
1120 3707 1203 3749 casu
1228 3687 1321 3750 dam·

328 3787 512 3851 nacionem
556 3809 653 3852 suam
696 3791 738 3852 ad
778 3791 976 3873 profectum
1017 3791 1179 3869 ecclesie,
1223 3795 1323 3874 quod

328 3901 524 3974 propterea
555 3894 669 3956 debet·
695 3896 789 3957 velle
821 3916 984 3977 peccare,
1024 3907 1063 3958 ut
1094 3905 1194 3977 patet
1229 3897 1323 3962 alibi.

332 3996 438 4058 Unde
471 3997 613 4060 videtur
641 4001 735 4081 quod
761 4000 876 4063 omnia
900 4009 1032 4063 tantum
1058 4010 1094 4064 et
1118 4002 1160 4063 ad
1184 4011 1322 4065 tuntum

360 4271 362 4276 ’
385 4285 401 4317 ι.
423 4272 498 4316 Codd.
520 4275 541 4316 in
565 4286 650 4326 tuargn
673 4275 792 4316 Peccatum
814 4275 929 4328 qumnodn
949 4279 1045 4328 prodest
1065 4278 1161 4320 ecclesie
1183 4279 1279 4321 inultum
1303 4286 1326 4322 c!

329 4351 397 4386 nocet
409 4357 452 4386 suo
464 4346 580 4398 peccanti.
