3008 5026
111 371 149 429 82
654 382 823 432 ronanus
842 381 981 431 wreus
1190 359 1314 447 [ων.

130 554 296 649 ppemqqqqgrr
327 548 450 601 contra
472 539 573 602 istam
602 537 828 603 sentenciam.
851 536 950 619 Quis,
974 536 1124 618 inquam,
1151 535 1316 598 crederet

127 657 297 754 coflrppditheon
327 642 454 706 talibus
478 641 683 726 prepositis,
707 661 857 724 quorum
886 661 977 703 unus
1000 639 1077 702 sine
1101 638 1316 702 fundacione

119 761 299 824 ,ortonnuxu
327 745 425 809 alteri
450 746 676 811 contradicit?
715 743 880 809 Scolares
912 744 1021 829 igitur
1051 743 1144 825 legis
1176 742 1316 826 papalis

117 817 304 962 ’ἱζιὲῖῐεᾩῖἲῖῗ
326 851 564 914 defenderent
601 851 815 914 decretalem
854 849 1061 932 predictam,
1100 847 1182 931 quia
1214 846 1317 910 aliter

113 921 168 962 Μ’
184 927 223 963 ⁸¹¹¹
241 926 309 976 ‘'m''
325 975 396 1018 non
420 956 626 1019 crederetur
649 952 751 1017 alicui
767 953 923 1036 ipsorum
943 951 1070 1034 textui,
1094 953 1158 1015 sed
1175 972 1217 1017 eo
1233 950 1314 1033 ipso
1329 957 1341 1007 5

326 1080 396 1143 quo
434 1069 556 1124 textus
589 1080 710 1123 eorum
735 1059 739 1142 Ι
765 1058 815 1122 sic
848 1057 974 1121 asserit
1006 1056 1101 1120 foret
1133 1056 1317 1120 sentencia
1349 1062 1407 1113 18¹·

326 1164 440 1228 minus
464 1163 641 1227 credibilis
671 1173 707 1227 et
731 1166 775 1227 de
799 1160 983 1226 mendacio
1016 1162 1097 1244 plus
1129 1168 1316 1243 suspecta;

325 1287 393 1332 nec
426 1270 486 1333 dat
515 1269 622 1331 fidem
653 1269 750 1352 quod
773 1287 868 1351 papa
890 1269 1115 1348 subsequens
1138 1267 1317 1348 approbat

324 1375 394 1436 hoc
418 1374 476 1436 vel
508 1373 603 1452 illud,
638 1374 720 1456 quia
751 1380 945 1455 sequentes
978 1379 1060 1434 sunt
1083 1368 1318 1433 communiter

325 1477 439 1541 minus
470 1477 631 1560 religiosi
663 1488 700 1541 et
734 1479 815 1561 plus
847 1476 973 1559 ignari;
1006 1474 1089 1538 ideo
1122 1476 1231 1537 debet
1264 1473 1317 1538 eis
1332 1497 1361 1530 ιο

326 1582 439 1645 minor
461 1582 552 1645 fides
573 1581 609 1645 in
634 1582 762 1646 talibus
786 1581 954 1645 adhiberi.
982 1580 1028 1642 Et
1049 1579 1151 1642 istam
1175 1587 1316 1643 senten·

326 1686 413 1749 ciam
446 1687 554 1748 credo
586 1685 714 1750 fratres
747 1694 783 1748 et
816 1683 1018 1768 specialiter
1040 1682 1197 1746 Minores
1221 1683 1316 1746 velle

326 1792 527 1869 defendere,
552 1790 633 1873 quia
658 1791 760 1854 aliter
782 1789 927 1853 indubie
944 1789 1014 1872 ipsi
1030 1798 1204 1870 tamquam
1220 1807 1314 1850 men·

326 1897 431 1959 daces
475 1895 641 1978 ypocrite
687 1894 929 1977 multipliciter
977 1896 1229 1976 perturbarent
1279 1900 1317 1954 et

324 2001 556 2063 molestarent
587 1999 781 2063 ecclesiam.
819 1999 920 2077 Item,
959 2006 1126 2081 quantum
1164 1997 1208 2059 ad
1240 2003 1359 2061 sco-15

324 2103 468 2167 lasticos
501 2104 535 2166 in
568 2104 639 2167 fide
674 2102 826 2167 ecclesie
859 2103 968 2165 credo
1003 2102 1098 2184 quod
1129 2101 1199 2184 ipsi
1233 2121 1316 2165 con·

325 2208 498 2273 sentirent
537 2208 651 2271 eidem
691 2207 893 2282 sentencie3
933 2226 1011 2270 nam
1050 2207 1182 2268 bonum
1218 2207 1316 2289 quod

325 2311 476 2375 afferunt
514 2314 693 2376 seculares
726 2311 865 2388 divicie,
903 2332 975 2375 non
1007 2318 1062 2373 est
1094 2310 1161 2374 nisi
1195 2312 1317 2374 mundi

325 2417 554 2499 prosperitas.
579 2415 652 2481 Sed
674 2417 766 2480 illam
791 2427 861 2479 tam
885 2415 998 2480 sancti
1022 2417 1190 2479 doctores
1212 2436 1317 2498 quam

326 2521 512 2584 oraciones
537 2521 688 2585 ecclesie
713 2522 845 2584 docent
874 2520 1070 2603 despicere,
1099 2519 1208 2602 igitur
1237 2540 1361 2583 cuman

326 2626 517 2708 pauperies
541 2624 642 2689 affert
673 2628 806 2689 bonum
831 2625 1024 2708 spirituale,
1047 2624 1190 2688 videtur
1218 2627 1317 2708 quod

326 2731 642 2812 superhabundans
653 2730 794 2793 dotaeio
808 2729 919 2813 magis
935 2729 1174 2812 imperficeret
1184 2731 1317 2792 clerum

326 2832 466 2897 Christi.
506 2833 740 2897 Confirmatur
772 2833 886 2917 primo
915 2854 981 2917 per
1003 2835 1072 2896 hoc
1105 2834 1212 2916 quod,
1237 2853 1316 2896 cum

118 2948 169 2991 The
183 2959 303 3010 emperors
324 2938 560 3021 imperatores
583 2938 652 3002 sint
674 2939 874 3021 pontifices,
897 2947 936 3001 ut
958 2946 1059 3020 patet
1082 2938 1317 3003 distinccione

110 3013 149 3044 are
164 3001 260 3056 pontifis
270 3000 315 3042 and

121 3053 303 3160 igfepgppppeiqt
326 3042 378 3105 De
422 3041 602 3124 Capitulis,
644 3043 787 3105 videtur
829 3043 925 3125 quod
968 3051 1049 3104 ante
1092 3043 1359 3106 dotacionem25

122 3158 309 3263 sppffiqpeqn
327 3147 481 3209 ecclesie
512 3146 582 3228 ipsi
614 3157 714 3209 erant
736 3147 860 3211 summi
884 3147 1083 3229 pontifices,
1118 3146 1199 3229 quia
1230 3155 1316 3211 tunc

109 3261 146 3304 sor
160 3261 308 3305 themselves.
328 3250 491 3333 episcopi
515 3251 799 3333 exproprietarie
822 3251 988 3315 viventes
1012 3260 1113 3315 erant
1136 3251 1256 3315 miseri
1280 3263 1318 3315 et

327 3354 442 3436 egeni,
477 3374 554 3416 cum
589 3363 775 3418 caruerunt
806 3355 1037 3438 perfeccione
1068 3376 1172 3439 quam
1208 3358 1316 3419 modo

327 3458 479 3521 ecclesia
495 3459 604 3524 habet
621 3479 668 3522 ex
683 3459 803 3523 mundi
819 3459 965 3523 diviciis.
988 3460 1086 3524 Illam
1104 3470 1219 3524 autem
1236 3481 1316 3544 per·

326 3560 524 3624 feccionem
535 3562 740 3626 diviciarum
756 3563 1000 3646 pertinencius
1016 3575 1100 3628 tuno
1116 3567 1317 3629 habuerunt
1329 3574 1361 3624 30

327 3685 476 3746 cesares,
498 3666 607 3750 igitur
621 3669 857 3751 undequaque
873 3668 943 3752 ipsi
959 3679 1059 3732 erant
1073 3670 1317 3753 perfecciores

326 3771 527 3853 pontifices,
562 3781 599 3835 et
630 3773 681 3837 sic
714 3773 838 3837 summi
870 3774 1059 3857 dupliciter
1095 3783 1165 3837 tam
1197 3778 1316 3857 quoad

325 3876 482 3938 seculum
522 3898 624 3958 quam
663 3879 707 3941 ad
737 3879 864 3943 Deum.
901 3879 947 3942 Et
986 3900 1032 3942 ex
1069 3879 1139 3943 isto
1172 3879 1316 3944 videtur

325 3979 524 4044 dotacionis
571 3982 798 4065 imperfeccio
836 3985 934 4067 quod
971 3984 1186 4066 recipientes
1221 3984 1314 4048 illam

324 4082 589 4166 inperfecerant
627 4088 790 4152 dominos
825 4089 885 4171 qui
924 4091 1101 4152 dotarunt.
1140 4088 1214 4154 Sed
1252 4092 1357 4155 d0-35

379 4310 419 4361 25.
439 4312 502 4361 Dist.
521 4314 552 4374 Χ,
572 4328 627 4378 cap.
649 4315 694 4366 lli:
713 4314 793 4381 Leges
812 4317 1007 4380 imperatorum
1026 4318 1161 4368 custodiri
1178 4324 1289 4382 oportet.
