3008 5026
108 372 175 417 cin
194 357 236 444 n]
406 378 451 427 nc
470 377 681 429 norns‘snn:
700 378 797 430 ΡΑΡΕ.
1250 383 1309 443 237

109 533 307 596 tollenciam
347 533 559 617 potestatis?
603 535 669 598 Est
706 535 814 618 igitur
848 547 1091 622 argumentum
1114 552 1232 614 unuin
1248 552 1295 613 nn

109 637 300 713 sufficiens,
337 639 366 700 si
399 639 477 721 quis
510 640 650 704 extollit
682 661 721 702 se
755 641 799 703 de
831 642 1094 723 preeminencia
1125 605 1288 718 ‘llil'llilil

108 742 299 824 potestatis
324 743 577 820 ecclesiastice,
601 746 690 807 ultra
713 747 810 827 quod
833 746 942 810 scitur
958 748 1095 810 fundari
1110 708 1308 806 w⁰⁰ii1ll¹c¹l.¹¹¹“

111 868 157 910 ex
195 847 370 930 scriptura
397 851 510 912 verbo
549 851 606 911 vel
653 869 763 932 opere
795 850 925 913 fecisse
956 860 1096 915 sanctos

85 953 305 1035 §apostolos
335 963 418 1015 tunc
443 973 513 1015 non
538 954 709 1017 debemus
734 956 880 1018 credere
895 955 1097 1019 huiusmodi

109 1066 336 1140 potestatem.
353 1056 400 1120 Et
415 1058 465 1121 sic
483 1058 631 1140 aliquam
649 1068 865 1141 potestatem
876 1059 1097 1123 vendicatam

111 1162 281 1224 debemus
315 1182 386 1224 non
420 1164 576 1238 credere,
610 1173 647 1225 ut
680 1183 749 1244 ego
774 1183 846 1225 non
872 1165 992 1240 credo,
1024 1184 1097 1227 non

112 1269 278 1328 obstante
304 1266 536 1330 concessione
562 1265 699 1330 Cesaris
723 1270 819 1350 quod
840 1267 990 1349 quilibet
1005 1289 1098 1351 papa

111 1371 445 1453 babetpotestatem
456 1370 690 1434 iurisdicionis
702 1373 778 1434 sive
794 1371 973 1456 regiminis
990 1392 1098 1454 super

69 1484 222 1537 10totam
246 1473 407 1552 Yndiam‚
432 1475 591 1539 Yudeam
622 1485 658 1538 et
686 1476 769 1538 alias
802 1476 981 1553 naciones⁹
1016 1497 1098 1560 ymo

114 1583 219 1642 credo
253 1580 351 1662 quod
382 1599 453 1642 non
485 1580 603 1656 habet,
637 1579 727 1644 sicut
755 1600 822 1643 nec
860 1581 966 1643 credo
1001 1582 1099 1662 quod

112 1685 241 1747 Petrus
273 1693 458 1766 superstes
489 1684 611 1747 habuit
635 1693 706 1746 tam
729 1686 843 1766 ample
873 1685 1100 1767 singulariter

113 1797 243 1851 tantam
275 1788 486 1870 potenciam,
520 1789 602 1870 quia
634 1798 719 1851 tunc
747 1788 849 1852 nimis
872 1789 1029 1872 graviter
1053 1808 1100 1851 ex

114 1892 339 1975 negligencia
361 1894 594 1975 peccavisset.

73 2008 100 2057 15
156 1997 282 2060 Tercio
315 1997 504 2080 replicatur
537 2006 659 2060 contra
688 1998 780 2060 dicta
802 2019 869 2082 per
904 1999 972 2060 hoc
1004 1998 1101 2080 quod

113 2101 210 2164 multi
221 2101 332 2164 sancti
348 2121 441 2183 pape
458 2110 495 2165 et
505 2100 677 2185 episcopi,
694 2101 793 2166 multi
808 2102 903 2167 beati
920 2103 1100 2165 seculares

114 2205 245 2268 domini
256 2215 292 2268 et
306 2205 431 2288 populi
444 2206 668 2268 dotacionem
685 2207 836 2270 ecclesie
847 2210 1099 2290 approbarunt,

113 2331 195 2392 ymo
218 2310 318 2373 aliter
349 2330 419 2373 non
456 2311 666 2374 haberemus
690 2331 818 2395 papam
851 2313 909 2374 vel
941 2311 1100 2373 ordinem

115 2415 376 2496 episcoporum,
410 2424 445 2476 et
477 2433 543 2496 per
571 2434 795 2497 consequens
822 2434 888 2477 nec
920 2434 1100 2477 causarum

71 2517 431 2582 :oecclesiasticarum
462 2518 662 2582 decisiones
695 2540 760 2582 nec
792 2519 1101 2602 privilegiaciones

113 2644 180 2686 nec
208 2631 503 2686 sacramentorum
531 2633 589 2686 aut
621 2623 857 2687 ministrorum
890 2622 1101 2686 ecclesiasti·

116 2749 237 2791 corum
264 2726 554 2804 ministraciones‚
579 2729 676 2810 quod
701 2737 756 2791 est
780 2738 902 2792 contra
924 2727 1102 2791 racionem

116 2833 318 2910 naturalem,
344 2838 383 2894 ut
399 2832 550 2894 ecclesia
566 2833 611 2897 sit
621 2832 670 2895 ita
693 2835 868 2916 acephala.
880 2832 981 2898 Sicut
994 2833 1103 2916 igitur

117 2945 262 3020 oportet
285 2955 365 2998 esse
388 2934 569 3019 principes
592 2939 769 3000 seculares
796 2937 844 3000 ita
869 2946 907 3000 et
921 2937 1102 3020 principes

72 3043 326 3126 asspirituales
351 3038 442 3101 sicut
467 3043 704 3124 exemplatum
729 3041 842 3106 estin
865 3041 980 3105 veteri
998 3051 1102 3105 testa·

116 3146 1103 3232 ment03nimismagnaitaqueforetpresumpciocessare

117 3252 334 3328 dotacioneS,
351 3254 549 3316 elecciones
567 3263 602 3315 et
617 3255 717 3336 leges
733 3254 884 3317 ecclesie
895 3274 1005 3336 super
1018 3253 1103 3317 istis.

162 3357 338 3438 Quantum
367 3359 410 3419 ad
439 3357 533 3420 istud
558 3367 642 3420 sunt
668 3359 775 3420 multa
798 3358 959 3420 dicenda:
990 3358 1102 3439 primo
1165 3387 1272 3443 nascer.

120 3463 218 3544 quod
241 3472 485 3546 argumentum
509 3482 581 3524 non
605 3463 712 3539 valet,
737 3483 814 3525 cum
838 3481 960 3525 omnes
980 3481 1102 3543 pecca·
1134 3439 1258 3534 ,ssiiiiii
1274 3488 1303 3543 sy

74 3578 108 3627 30
120 3577 248 3631 verunt
271 3576 308 3630 et
331 3576 439 3651 egent
463 3567 582 3649 gracia
597 3568 677 3644 Dei,
699 3569 782 3631 ideo
800 3569 907 3631 docet
923 3568 1104 3630 decretum
1187 3541 1249 3586 ‘⁵⁰⁶'

120 3671 354 3734 distinccione
379 3669 482 3733 VIII:
511 3669 550 3733 Si
572 3673 664 3735 solus
690 3671 852 3753 Christus
876 3671 974 3755 quod
997 3671 1104 3732 debe·

120 3795 195 3838 mus
219 3776 332 3838 solum
357 3774 457 3856 sequi
475 3773 661 3852 Christum,
685 3775 745 3857 qui
768 3793 883 3838 errare
899 3795 971 3838 non
988 3773 1106 3857 potuit

174 4012 191 4043 ι.
202 3998 291 4043 Codri:
306 3998 476 4042 excellenciam.
543 4012 567 4050 4.
583 3997 672 4042 Codd.:
686 3998 723 4043 vel
735 4001 816 4042 nostro
826 4008 899 4052 opere
911 3997 947 4040 vel
953 3997 1052 4053 secisse.
1068 3995 1104 4041 Cf.

121 4082 142 4123 p.
160 4068 241 4121 283,1.
258 4067 279 4112 3.
335 4067 368 4111 15.
388 4071 409 4113 Α
429 4068 452 4112 ἰη
473 4080 558 4122 marga
578 4067 660 4112 Tercr'o
674 4068 795 4124 argutior.
810 4066 887 4111 Codd.
903 4066 925 4110 in
941 4078 1027 4121 marga
1043 4065 1107 4120 Pane

119 4138 251 4191 necessitas,
267 4142 323 4181 nota
342 4139 406 4181 bene.
463 4137 495 4182 31.
518 4136 594 4181 codd.
618 4137 640 4181 in
663 4149 748 4191 marga
773 4136 926 4180 Dotacionem
948 4136 1107 4191 approbantes

118 4209 196 4251 sancti
208 4213 375 4262 peccauerunt.

174 4316 213 4364 31.
233 4314 297 4380 Cap.
317 4313 360 4366 IX.
