3008 5026
192 414 260 460 cm.
281 398 334 487 vt]
492 419 536 471 on
557 417 766 471 POTESTATE
787 418 884 471 rara.
1340 425 1396 485 105

191 574 448 654 incarnacione,
487 577 585 658 quod
619 575 779 640 Christus
816 596 887 639 non
925 576 1042 659 potuit
1080 578 1228 685 aliamulq
1243 591 1391 689 {Eecqtrigqsstn

191 679 443 743 humanitatem
467 699 656 762 assumere,
680 690 922 744 verumtamen
945 682 1064 764 potuit
1085 681 1179 746 facil·
1206 693 1379 794 nmmo

191 784 273 848 lime
305 784 335 847 si
363 786 546 864 voluisset,
579 785 710 849 dictum
744 795 800 848 est
828 786 938 849 eciam
970 787 1068 869 quod
1099 786 1179 869 ipse
1222 800 1363 862 ratosne

192 898 262 952 tam
283 889 479 953 secundum
503 909 634 972 corpus
651 909 754 973 quam
778 890 923 954 animam
941 899 998 954 est
1020 890 1180 954 eiusdem
1190 861 1362 1002 bgffiigff
1363 866 1397 1016 ‘by

169 992 329 1075 §speciei
357 1012 435 1057 cum
459 993 621 1077 quolibet
644 993 713 1057 alio
736 992 844 1057 fratre
867 1013 942 1058 suo.
978 993 1025 1057 Et
1048 993 1180 1059 dictum
1199 1006 1383 1106 ¹¹¹}„}¹,{,¹,',⁰{,}2⁸¹⁶

193 1107 249 1161 est
272 1097 385 1162 tercio
414 1098 510 1182 quod
538 1117 586 1161 ex
613 1099 649 1161 vi
677 1098 816 1162 unionis
837 1099 1026 1181 ipostatice
1049 1100 1178 1183 gracia,
1215 1114 1361 1209 δνοοιινῐιτιιιά

191 1211 353 1283 potestas
377 1212 416 1267 et
437 1202 667 1287 pulchritudo
684 1204 742 1266 vel
758 1203 969 1285 speciositas
984 1204 1020 1267 in
1036 1204 1177 1270 Christo
1222 1178 1374 1315 otffilffie

192 1315 247 1369 est
279 1307 422 1370 alterius
454 1306 590 1390 speciei
614 1327 717 1389 quam
750 1306 865 1389 aliqua
888 1309 1037 1390 qualitas
1065 1309 1178 1372 consi·
1325 1300 1332 1313 ⁴

190 1410 281 1474 milis
303 1409 455 1475 nominis
477 1411 514 1474 in
537 1411 605 1474 alio
620 1409 762 1474 homine
778 1420 902 1492 potest
921 1431 1012 1478 esse.
1034 1412 1082 1476 Et
1095 1412 1179 1476 ideo

153 1515 388 1584 roincamacio
422 1514 552 1579 Christi
587 1514 740 1598 perfecit
772 1522 881 1578 totam
915 1517 1177 1581 universitatem

191 1629 343 1683 creatam
379 1628 450 1683 tam
481 1620 678 1684 secundum
710 1621 891 1686 individua
914 1641 1018 1704 quam
1041 1621 1177 1685 univer·

190 1722 283 1801 salia,
312 1743 390 1786 cum
418 1724 527 1786 multa
549 1724 631 1788 talia
658 1725 759 1788 aliter
785 1745 857 1789 non
879 1725 1040 1791 fuissent.
1078 1725 1178 1791 Sicut

189 1827 296 1912 igitur
327 1826 545 1890 individuum
579 1829 681 1893 unius
714 1830 848 1913 speciei
885 1829 970 1893 licet
1006 1829 1177 1894 infinitum

191 1931 355 2014 creverit,
388 1951 460 1995 non
491 1942 613 2016 potest
635 1934 671 1997 in
694 1942 771 1999 toto
798 1934 971 2018 parificari
993 1933 1177 1999 individuo

152 2037 334 2106 15alterius
366 2036 512 2120 speciei,
549 2037 601 2101 sic
639 2048 695 2103 est
727 2041 771 2104 de
803 2040 921 2123 gracia
954 2038 1093 2116 Christi,
1132 2041 1177 2104 de

189 2151 383 2226 potestate,
401 2141 632 2224 speciositate
648 2164 712 2207 sue
726 2145 960 2209 humanitatis.
981 2143 1177 2226 Qualitates

191 2256 306 2310 autem
329 2246 447 2328 multe,
476 2247 569 2311 sicut
591 2257 692 2331 patet
714 2249 759 2312 de
787 2249 965 2332 corporali
987 2250 1177 2332 pulchritu-

190 2351 282 2423 dine,
306 2350 563 2435 principiantur
596 2372 615 2416 a
636 2353 824 2436 relacione,
856 2354 937 2418 ideo
964 2353 1058 2418 idem
1081 2364 1179 2419 esset

190 2477 342 2539 querere
365 2459 450 2524 istas
467 2459 654 2544 qualitates
677 2461 713 2524 in
730 2462 797 2524 alio
813 2464 956 2526 homine
974 2470 1011 2524 et
1026 2480 1177 2544 querere

147 2562 292 2627 20alium
314 2562 491 2628 hominem
508 2566 569 2648 qni
592 2564 694 2629 simul
719 2566 765 2630 sit
780 2565 881 2631 Deus
897 2576 933 2630 et
949 2568 1063 2631 homo.
1087 2567 1176 2630 Ideo

189 2676 316 2738 errant,
341 2669 402 2750 qui
418 2671 512 2732 nude
528 2678 679 2754 arguunt
693 2668 952 2753 idemptitatem
975 2671 1177 2754 specificam

189 2772 395 2852 qualitatum
418 2793 465 2836 ex
488 2773 712 2856 idemptitate
736 2775 905 2857 specifica
926 2775 1177 2839 subiectorum.

189 2871 345 2958 Oportet
399 2878 490 2941 enim
545 2879 721 2962 principia
773 2899 890 2942 rerum
938 2879 1087 2943 tendere
1133 2880 1177 2943 ad

188 2980 354 3044 maiorem
388 2982 559 3046 unitatem
591 3003 696 3066 quam
729 2984 776 3047 sit
808 2983 843 3046 in
876 2983 948 3047 suis
977 2982 1176 3060 effectibus,

104 3098 161 3163 187·
188 3104 267 3148 cum
300 3106 433 3151 summa
465 3088 580 3152 unitas
612 3087 658 3151 sit
689 3087 724 3151 in
756 3088 870 3170 primo
900 3088 904 3172 l
929 3087 1106 3171 principio
1138 3097 1176 3152 et

188 3209 322 3253 summa
345 3190 534 3255 diversitas
557 3192 593 3255 in
617 3211 680 3255 sua
696 3192 928 3257 universitate
945 3201 1076 3260 creata.
1099 3191 1176 3256 Nec

188 3304 242 3358 est
264 3295 370 3359 michi
394 3316 509 3360 sermo
543 3298 587 3360 de
611 3296 780 3379 qualitate
804 3315 874 3379 que
901 3307 1025 3380 potest
1047 3317 1114 3380 per
1135 3316 1176 3360 se
1225 3301 1246 3343 Α
1261 3301 1349 3356 tulin

1212 3358 1298 3395 cannot
1312 3353 1371 3396 exist

188 3419 278 3477 esse,
295 3400 377 3482 quia
393 3410 527 3464 certum
544 3402 709 3484 estquod
726 3410 782 3465 est
798 3401 882 3464 dare
899 3421 1002 3465 unam
1018 3411 1176 3466 naturam
1198 3403 1374 3508 „ffbissgussnd

187 3504 376 3586 qualitatis,
401 3525 471 3587 que
487 3525 557 3569 non
574 3515 697 3589 potest
713 3525 795 3569 esse
818 3505 886 3568 nisi
908 3506 1074 3570 informet
1096 3507 1175 3568 sub·
1207 3508 1376 3614 ,ggeigvpnqy

145 3607 366 3690 lostanciam,
396 3628 476 3672 cum
498 3630 570 3673 non
593 3609 730 3674 sitnisi
753 3609 991 3673 substanciam
1015 3609 1388 3716 accldflss·„22,⁸,‘,’,j{,'},¹'{f„

186 3713 304 3777 taliter
336 3733 417 3777 esse
440 3715 591 3797 qualem.
627 3715 674 3779 Et
697 3716 758 3798 qui
781 3713 984 3797 sompniant
1005 3713 1106 3777 aliam
1128 3732 1176 3776 ex
1239 3712 1342 3759 Cluui·

185 3817 341 3881 vanitate
366 3817 571 3883 subtilitatis
594 3819 688 3883 circa
703 3828 960 3883 sacramentum
976 3818 1177 3898 eukaristie,

186 3922 276 3986 ultra
297 3923 368 3987 hoc
390 3924 489 4006 quod
512 3923 630 3988 sciunt
651 3924 799 3988 fundare
822 3923 1047 4007 inscriptura
1064 3942 1174 4001 sacra,

185 4026 220 4089 in
244 4027 397 4109 antiquis
430 4029 563 4093 sanctis
597 4028 806 4093 doctoribus
838 4030 897 4092 vel
924 4028 1077 4092 racionis
1101 4027 1175 4091 effi·

145 4131 292 4211 53cacia,
329 4132 517 4197 debilitant
553 4136 685 4198 scolam
723 4133 861 4198 Christi.
906 4134 1056 4197 Paratus
1098 4153 1175 4196 sum

185 4244 302 4298 tamen
327 4237 378 4299 eis
411 4257 566 4301 annuere
601 4238 630 4301 si
662 4239 748 4301 illud
780 4238 1012 4321 probaverint
1044 4246 1080 4300 et
1103 4257 1175 4300 non

186 4352 275 4405 ante.
304 4341 349 4404 Et
372 4343 481 4405 credo
511 4343 608 4424 quod
637 4343 734 4406 scola
757 4342 873 4425 possit
897 4340 1039 4405 aliunde
1064 4361 1174 4404 occu·
