3008 5026
133 399 200 446 car.
214 382 267 472 nc]
430 402 475 453 ue
495 400 704 454 potestate
725 400 822 453 paea.

133 562 249 624 Deum
280 559 523 643 impertinens,
555 558 623 622 nisi
650 558 742 622 forte
771 578 837 642 per
865 557 1029 622 accidens
1055 576 1116 619 ex·

135 665 297 730 citaverit
313 664 545 740 sanctitatem,
569 666 662 727 unde
684 663 821 749 signum
839 672 904 742 est,
929 664 1024 746 quod
1040 662 1118 725 ado·

133 790 249 833 ramus
287 768 494 833 samaritane
533 768 609 832 sive
648 767 798 852 yudaice
830 777 1006 849 tamquam
1038 765 1117 829 irra·

136 875 270 937 cionale
304 874 440 950 animal,
473 881 619 955 reptans
648 874 822 956 depresso
847 871 963 954 capite
991 870 1119 934 mentis

112 983 267 1056 mostra,
303 979 400 1060 quod
431 987 565 1042 tantum
597 978 677 1041 loca
709 987 745 1041 et
768 975 975 1040 cerimonias
1000 977 1118 1038 obser·

135 1104 266 1147 vamus.
292 1081 451 1147 Christus
475 1092 590 1146 autem
614 1083 657 1145 ad
680 1083 748 1145 hoc
768 1079 928 1145 ascendit
942 1081 978 1144 in
995 1081 1119 1157 celum,

43 1192 106 1245 21:3⁵
135 1198 174 1252 ut
206 1187 508 1270 parvipendentes
533 1186 537 1269 l
562 1188 629 1251 hec
657 1185 865 1268 temporalia
890 1185 1119 1248 ascendamus

136 1312 201 1374 per
231 1292 360 1356 scalam
391 1291 559 1356 virtutum
602 1293 646 1354 ab
678 1290 755 1354 istis
799 1290 1048 1353 sublunaribus
1084 1289 1120 1353 in

136 1395 265 1478 quibus
288 1394 465 1476 infigimus
486 1395 530 1457 ad
555 1394 748 1477 spiritualia
767 1398 864 1459 bona
879 1394 1024 1458 celestia
1038 1395 1120 1456 lina-

97 1500 217 1563 101iter
240 1498 446 1565 affectanda.
483 1498 588 1562 Unde
620 1499 763 1563 Veritas
798 1500 1121 1582 correspondenter

137 1606 181 1667 ad
211 1604 318 1668 fidem
350 1603 516 1680 mulieris,
549 1624 618 1685 qua
649 1622 735 1666 vere
769 1602 919 1666 credidit
945 1601 1120 1667 Christum

137 1728 217 1772 esse
241 1707 463 1791 prophetam,
491 1707 604 1790 ipsam
628 1707 833 1790 alloquitur:
860 1707 1000 1785 Mulier,
1024 1707 1122 1770 crede

137 1814 249 1896 michi,
273 1812 374 1896 quasi
395 1810 531 1874 diceret
546 1822 696 1894 propter
713 1810 1023 1894 imperfeccionem
1039 1809 1123 1873 fidei

139 1937 177 1980 es
199 1918 308 1999 longe
333 1935 512 1999 asponsa,
536 1917 601 1979 sed
625 1935 703 1979 cum
728 1917 823 1981 salus
841 1935 887 1978 ex
903 1913 1039 1978 Yudeis
1056 1921 1121 1990 est,

98 2029 126 2081 15
139 2029 283 2103 oportet
305 2021 399 2101 quod
414 2019 450 2082 in
461 2019 688 2085 fundamento
710 2021 806 2085 scale
824 2018 947 2082 orandi
963 2026 1121 2082 statuens

137 2124 202 2188 tibi
225 2123 460 2187 substanciam
484 2123 568 2186 fidei
591 2125 716 2187 credas
740 2123 852 2187 michi.

181 2228 221 2291 In
254 2228 332 2291 istis
363 2228 471 2309 igitur
503 2227 727 2310 ymaginibus
757 2237 793 2291 et
820 2226 1016 2291 fantasticis
1040 2233 1123 2309 post
1140 2223 1324 2321 Tueipqpeaom

139 2332 362 2396 dotacionem
397 2341 434 2395 et
466 2331 669 2395 affeccionis
701 2331 971 2397 subversionem
1001 2331 1124 2394 delusa

139 2446 194 2500 est
227 2436 379 2498 ecclesia
411 2435 445 2497 in
477 2456 604 2518 penam
637 2437 776 2518 peccati
803 2445 840 2500 et
863 2435 1065 2519 specialiter
1086 2434 1122 2496 in

96 2565 127 2599 πο
139 2540 389 2605 constituendo
418 2540 486 2603 sibi
513 2540 710 2624 principem
735 2552 910 2623 tamquam
935 2539 1120 2604 Christum.

138 2647 184 2709 Et
207 2645 257 2708 sic
281 2664 358 2707 cum
382 2645 648 2728 protestacione
664 2646 826 2728 predicta
852 2645 1014 2728 intelligo
1037 2643 1123 2706 illud

138 2751 262 2814 Matth.
286 2749 427 2826 XXIV,
456 2769 506 2829 15:
542 2749 629 2817 Cum
656 2752 763 2832 igilur
786 2751 939 2815 videritis
966 2750 1121 2813 abhomi-

139 2856 315 2919 nacionem
353 2856 586 2931 desolacionis,
623 2873 686 2936 qua
723 2856 813 2918 dicta
846 2860 895 2918 est
926 2872 949 2918 a
980 2854 1124 2917 Daniele

137 2960 312 3042 propheta,
328 2964 474 3023 stantem
491 2960 527 3022 in
537 2960 607 3021 loco
623 2964 749 3030 sancio,
772 2959 832 3040 qui
845 2961 924 3040 legit
947 2959 1123 3039 intelligat.

98 3064 257 3128 25Locus
290 3072 404 3128 autem
437 3071 579 3126 sanctus
602 3062 744 3126 videtur
775 3062 880 3126 michi
908 3081 987 3126 esse
1012 3068 1124 3125 status

140 3176 294 3246 sanctus,
311 3187 415 3249 quem
432 3187 525 3250 papa
543 3166 719 3244 vendicat,
738 3166 820 3231 ideo
838 3165 966 3230 dicitur
980 3171 1124 3230 staulam

141 3282 176 3336 et
200 3273 284 3336 Mar.
308 3271 411 3347 XIII,
450 3294 485 3350 ¹4
520 3272 647 3336 dicitur
669 3277 824 3349 stantem,
857 3273 915 3334 ubi
937 3290 1003 3334 non
1026 3271 1125 3337 dahel.

140 3376 295 3453 Revera,
325 3376 422 3458 quod
445 3377 658 3440 auctoritate
682 3385 719 3440 et
741 3375 888 3458 imperio
913 3375 1044 3440 cesaris
1067 3375 1126 3438 vel

141 3480 227 3543 falsa
254 3479 436 3543 eleccione
460 3479 684 3543 cardinalium
713 3479 948 3543 constituatur
970 3498 1125 3542 summus

100 3592 132 3640 ἕο
143 3582 270 3647 Christi
286 3582 447 3660 vicarius,
472 3593 526 3647 est
551 3582 793 3647 abhominacio
817 3583 852 3646 in
872 3585 1064 3659 abstract0,
1088 3588 1126 3645 et

142 3687 172 3750 si
194 3688 318 3750 fideles
343 3687 455 3751 anime
478 3687 642 3752 viderent
666 3689 758 3751 clare
782 3687 970 3769 utrobique
995 3696 1125 3750 statum

141 3791 358 3873 spiritualem
382 3792 544 3867 ecclesie,
568 3793 749 3874 quomodo
774 3792 915 3855 solebat
935 3790 971 3853 in
988 3809 1028 3853 ea
1043 3809 1124 3873 pre·

142 3896 258 3959 sidere
279 3915 369 3959 unus
391 3895 650 3978 paterfamilias,
666 3895 726 3978 qui
741 3895 905 3978 graciose
922 3903 1127 3978 acceptaret

141 4000 335 4079 invitando,
368 4009 533 4083 pasceret
559 4000 756 4064 refovendo
787 4009 893 4083 atque
917 3999 1126 4062 defenderet

195 4215 224 4249 11.
241 4203 269 4247 B:
284 4215 300 4246 a
306 4202 373 4258 stau
390 4203 593 4247 ib.ll:creditur.
675 4201 811 4256 14.Codd.:
836 4208 876 4248 eat.
958 4202 1126 4248 22.c0dd.in

142 4283 227 4327 marga
242 4271 316 4316 Locus
327 4278 427 4326 sanctur,
443 4272 467 4317 ia
479 4284 525 4328 qao
539 4277 588 4316 siat
601 4271 765 4316 abhominatio
775 4272 939 4318 desolacionis.
995 4270 1031 4317 3³.
1047 4271 1122 4316 Codd.

141 4342 164 4386 in
179 4353 265 4399 marga
280 4341 457 4398 Paterfamilias
470 4352 545 4385 veras.

1155 2289 1314 2388 abominiltion

1149 2382 1175 2426 oi
1190 2381 1319 2425 desolatton

1149 2433 1321 2530 ‘tantilli

1192 2538 1278 2583 Christ.
