3008 5026
146 402 215 454 cae.
233 390 286 471 xi]
446 406 490 455 oa
512 405 720 456 rotasiam
740 405 836 457 enea.
1288 393 1349 468 ²8³

189 560 290 628 Sexta
305 564 406 627 vestis
421 567 468 626 esi
490 563 666 626 racionalc
680 565 731 626 uel
745 564 877 644 logyon,
899 563 989 643 quod
1003 564 1136 645 pectori
1143 575 1350 673 inpudentem

141 668 316 749 pontificis
343 669 378 730 in
401 668 584 748 foramine
615 668 910 750 superhumeralis
940 668 1134 732 contexitur.
1165 640 1225 684 ⁰¹⁰
1245 637 1332 686 guen.

146 771 193 833 Et
230 771 296 836 fuit
333 772 444 837 vestis
483 771 674 835 conformis
712 780 857 835 texture
895 790 974 834 cum
1013 792 1132 854 super·

145 877 325 955 humerali,
334 878 470 940 habens
480 877 621 940 nomina
631 875 1134 942 duodecimfiliorumYsrahel

122 980 317 1063 §inscripta
342 982 535 1045 secundum
556 990 708 1064 quatuor
728 981 871 1045 ordines
886 981 922 1044 in
945 980 1133 1045 duodecim

146 1084 333 1167 lapidibus,
361 1095 401 1149 ut
426 1087 620 1149 recolendo
650 1086 694 1149 de
718 1085 850 1150 sanctis
877 1085 1038 1168 patribus
1061 1105 1134 1149 non

147 1191 370 1272 degenerent
398 1191 441 1253 ab
472 1191 523 1254 eis
545 1189 581 1253 in
605 1191 773 1254 moribus.
812 1191 853 1254 In
876 1190 993 1253 medio
1016 1197 1133 1253 autem

146 1293 213 1355 fuit
235 1293 327 1376 lapis
351 1294 568 1373 sardonicus,
592 1294 649 1358 cui
672 1295 957 1358 inscribebantur
978 1295 1045 1356 hec
1061 1294 1132 1357 duo

146 1397 300 1460 nomina:
329 1397 496 1461 iudicium
519 1400 578 1462 vel
601 1399 762 1462 doctrina
789 1407 826 1461 et
849 1397 989 1462 veritas.
1027 1397 1132 1461 Unde

104 1502 339 1566 10secundum
364 1502 584 1585 Yosephum,
612 1505 694 1566 dum
717 1504 874 1586 populus
898 1502 966 1566 fuit
989 1501 1132 1565 domino

146 1606 327 1688 placabilis
361 1608 603 1691 sacerdosque
635 1608 734 1671 daret
766 1609 903 1691 populo
938 1606 1132 1670 secundum

144 1709 417 1792 inspiracionem
445 1711 514 1775 Dei
545 1731 757 1794 responsum
784 1731 1008 1794 prosperum,
1041 1710 1132 1792 lapis

145 1814 180 1877 in
204 1813 343 1899 signum
366 1815 582 1897 placacionis
606 1815 724 1879 divine
751 1816 787 1880 in
811 1815 915 1880 solito
939 1814 1131 1898 splendore

52 1923 118 1980 231⁴
147 1918 299 1984 emicuit.
328 1921 333 1988 Ι
362 1918 436 1984 Sed
461 1920 623 1984 ducentis
651 1920 751 1983 annis
773 1929 961 2002 antequam
989 1918 1134 2002 scripsit

105 2023 272 2086 rilibrum
291 2023 563 2107 Antiquitatum,
587 2027 682 2108 quod
715 2025 781 2087 fuit
802 2032 966 2106 tempore
989 2023 1074 2106 Tyti
1097 2032 1134 2086 et

145 2126 358 2210 Vespasiani
390 2128 544 2192 cessavit
577 2129 692 2193 dictus
725 2129 908 2212 splendor,
941 2129 1038 2211 quod
1066 2127 1133 2191 fuit

145 2231 386 2314 prenosticum
423 2232 692 2315 reprobacionis
728 2231 855 2316 populi
892 2252 938 2295 ex
969 2240 1131 2315 peccato.

145 2337 243 2398 Rasa
266 2335 361 2413 dicit,
389 2337 486 2419 quod
513 2336 591 2400 urin
619 2347 655 2399 et
681 2336 1007 2420 thyrinHebreum,
1035 2335 1131 2418 quod

145 2449 248 2502 sonat
285 2439 446 2503 doctrina
477 2450 515 2504 et
544 2439 686 2518 veritas,
724 2440 790 2504 fuit
825 2459 955 2503 nomen
987 2439 1132 2503 Domini

102 2570 135 2602 20
145 2544 566 2626 tetragramaton,virtute
579 2544 678 2607 cuius
689 2563 902 2627 responsum
913 2552 948 2605 et
959 2543 1132 2625 splendor

144 2648 281 2729 populo
304 2646 498 2711 innuebant
520 2658 557 2710 et
579 2647 697 2730 signat
719 2646 867 2728 mistice,
892 2648 989 2729 quod
1012 2646 1130 2729 ponti·

144 2749 208 2813 fex
222 2750 379 2814 medians
394 2750 487 2814 inter
501 2752 617 2814 Deum
633 2760 671 2815 et
685 2753 857 2834 populum
873 2752 984 2815 debet
998 2753 1130 2815 docere

145 2855 340 2918 doctrinam
361 2855 559 2919 inhaustam
583 2857 778 2920 secundum
799 2856 869 2919 Dei
891 2855 1071 2935 iudicium;
1094 2865 1132 2920 et

144 2959 236 3022 sicut
263 2980 333 3023 non
363 2960 508 3024 docebit
530 2961 630 3026 aliam
662 2981 765 3045 quam
797 2960 928 3024 veritas
956 2960 1131 3043 suggerit,

101 3064 195 3127 risio
220 3064 411 3128 doctrinam
436 3085 533 3128 suam
558 3086 670 3148 opere
694 3074 731 3129 et
751 3065 894 3129 racione
923 3065 1131 3129 confirmare

144 3189 215 3231 non
232 3169 379 3233 desistit.
405 3168 675 3234 Concutienaiur
690 3175 805 3234 aulem
820 3172 997 3233 rationale
1011 3188 1130 3251 serper-

198 3437 215 3469 t.
230 3425 305 3470 Codd.
320 3424 343 3468 in
359 3437 446 3480 marg:
463 3426 536 3470 Serta
549 3427 620 3471 vertis
635 3426 764 3471 rationale.

195 3566 220 3617 9.
239 3550 384 3600 Historiam
409 3553 484 3602 istius
512 3554 631 3603 miraculi
661 3555 686 3603 in
714 3552 824 3619 losephi
852 3554 1044 3618 Antiquitatum
1071 3554 1130 3607 lud.

142 3638 187 3690 lib.
206 3637 247 3696 lll,
270 3652 326 3703 cap.
350 3639 384 3688 tx
406 3638 458 3698 (ed.
479 3639 571 3690 Franc.
595 3639 667 3700 1588,
691 3657 716 3707 p.
740 3636 795 3706 38⁵)
819 3641 949 3691 invenies:
973 3637 1011 3690 Ex
1035 3640 1131 3707 lapillis

143 3725 213 3774 enim
236 3739 303 3790 quas
326 3725 445 3775 Pontifex
470 3727 495 3774 in
518 3725 636 3776 humeris
659 3729 804 3792 gestabat.
823 3767 850 3780 ..
869 3727 982 3778 micabat
1004 3727 1131 3781 alter...

143 3821 243 3860 tantum
267 3811 397 3876 fulgorem
420 3813 561 3877 emittebat,
581 3824 609 3863 ut
631 3815 723 3881 procul
742 3816 825 3865 eciam
845 3814 1007 3864 intuentibus
1027 3816 1132 3881 compi-

143 3908 246 3948 ceretur
258 3938 264 3951 .
278 3937 285 3951 .
300 3937 307 3950 .
323 3899 375 3948 Sed
400 3899 570 3950 mirabilius.
588 3941 594 3954 .
613 3918 631 3952 .:
656 3917 703 3967 per
726 3902 867 3952 duodecim
891 3915 1012 3968 gemmas
1029 3941 1035 3955 .
1054 3940 1060 3953 .
1080 3943 1086 3956 .
1104 3904 1130 3953 in

142 3985 214 4035 bello
232 3985 368 4034 victoriam
387 3987 558 4051 pronunciare
578 3989 648 4038 Deua
667 3989 777 4051 solebat,
802 4004 861 4038 nam
884 3990 1038 4054 priusquam
1057 4005 1131 4040 eaer-

142 4073 208 4122 citus
226 4087 255 4123 ae
274 4082 400 4135 moveret,
424 4083 511 4123 tantus
535 4074 622 4141 fulgor
645 4091 675 4126 ex
700 4077 738 4127 eia
761 4076 890 4126 emicabat
912 4085 942 4125 ut
963 4077 1010 4126 toti
1030 4078 1130 4143 populo

142 4160 217 4209 facile
246 4161 421 4210 innotesceret
454 4160 546 4213 adesse
578 4162 820 4215 Deum...Deaiit
846 4173 935 4214 tamen
963 4178 1021 4214 esee
1048 4179 1129 4230 quam

141 4248 268 4296 Sardonix
288 4246 417 4312 fulgorem
437 4249 571 4300 emittente
590 4252 666 4300 annis
684 4265 734 4300 roo
747 4261 807 4302 ante
820 4265 901 4318 quam
914 4250 979 4302 haec
992 4266 1130 4303 commen-

141 4344 258 4383 taremur
277 4335 341 4383 irato
361 4335 417 4384 Deo
431 4374 438 4386 .
452 4372 458 4385 .
473 4373 478 4384 .
