3008 5026
182 388 249 434 cir.
263 372 316 462 ru]
482 393 526 443 ne
545 391 756 444 potestate
775 395 873 446 enee.

182 570 374 634 exponere.
412 548 587 631 Quantum
619 552 663 614 ad
695 551 765 614 duo
793 551 916 634 prima,
948 559 1050 634 patet
1073 551 1168 634 quod

182 663 346 738 spectant
378 655 422 718 ad
453 663 637 738 peccatum
671 654 795 734 earnis,
830 676 909 719 curn
932 664 1101 738 quantum
1124 656 1169 718 ad

181 760 322 823 modum
340 759 555 823 convivandi
571 768 653 823 sunt
668 761 804 823 macule
820 760 855 823 in
873 761 1063 838 abstractu,
1088 780 1167 824 con·
1191 771 1272 867 prose
1286 771 1367 868 *3¹¹⁰*

181 864 304 927 vivant
332 863 425 927 enim
453 863 573 926 mundi
601 863 763 928 dominos
792 873 828 927 et
856 866 1013 928 carnales
1037 831 1368 932 amicoss‹›r⁰iPltutyu

157 976 303 1032 §contra
327 968 522 1032 doctrinam
539 967 668 1032 Christi
684 968 779 1032 Luce
795 968 899 1046 XIV,
920 990 1058 1047 12-14:
1082 967 1168 1035 Com

181 1073 278 1154 sacis
308 1075 500 1155 prandium
532 1079 592 1137 aut
623 1091 753 1151 cenam,
784 1074 856 1137 noli
887 1092 1008 1139 vocare
1039 1073 1170 1138 amicos

180 1183 255 1241 tuos
271 1196 374 1259 neque
396 1183 556 1259 cognatos
578 1196 681 1258 neque
698 1179 826 1242 vicinos
848 1196 952 1259 neque
974 1179 1105 1256 divites,
1129 1195 1170 1241 ne

181 1282 277 1363 sorte
309 1293 338 1347 et
368 1283 437 1362 ipsi
468 1283 646 1346 reinvitent
677 1288 707 1346 te
739 1288 770 1346 et
791 1284 862 1363 fiat
889 1283 950 1346 tibi
976 1282 1167 1346 retributio.

183 1386 250 1451 Sed
280 1405 357 1450 cum
373 1387 473 1468 sacis
492 1388 693 1464 convivium,
724 1405 807 1451 voca
833 1405 1013 1467 pauperet,
1036 1386 1169 1464 debiles

143 1493 331 1569 roclaudos,
354 1510 455 1573 tecue,
480 1496 510 1555 et
533 1493 649 1555 beatus
671 1493 752 1554 eris.
776 1490 878 1554 Istud
907 1500 1022 1555 autern
1052 1509 1168 1554 serva·

181 1605 279 1660 retur
301 1595 337 1659 in
360 1596 463 1659 nobis
486 1595 683 1678 potissime,
712 1595 773 1678 qui
795 1594 947 1658 vivimus
971 1595 1016 1658 de
1040 1596 1167 1657 elemo-

183 1699 267 1763 sinis
299 1702 481 1783 laycorum
520 1708 557 1763 et
587 1699 692 1762 bonis
724 1719 930 1783 pauperum.
969 1697 1167 1784 Quamvis}

91 1809 154 1863 213b
183 1815 298 1867 autem
320 1803 406 1868 licet
429 1804 631 1882 convivare,
660 1813 733 1867 tam
757 1803 987 1887 spiritualiter
1009 1803 1169 1867 infirmos

183 1930 285 1992 quam
310 1929 426 1986 sanos,
450 1919 489 1973 ut
512 1908 742 1992 spiritualiter
766 1908 974 1972 edificentur
998 1916 1034 1971 et
1057 1907 1168 1971 reedi-

141 2015 299 2091 15ficent,
332 2015 400 2078 hoc
428 2023 547 2077 tamen
574 2035 644 2078 non
674 2014 784 2077 debet
806 2014 883 2078 lieri
906 2013 1048 2077 racione
1077 2034 1169 2078 com·

182 2119 278 2182 modi
301 2118 517 2201 temporalis.

226 2222 391 2288 Secunda
422 2222 602 2307 gentilitas
635 2232 691 2287 est
723 2223 848 2299 sessio,
880 2242 984 2305 quam
1007 2222 1169 2288 Christus

182 2327 303 2391 docuit
326 2327 362 2391 in
379 2327 473 2391 facto
492 2327 673 2411 aufugere,
697 2329 839 2409 quando
856 2325 892 2390 in
908 2329 1033 2391 eadem
1048 2328 1169 2391 tabula

183 2442 288 2514 atque
320 2432 511 2516 perapside
548 2432 742 2515 discipulos
767 2452 852 2495 suos
876 2432 986 2515 pavit,
1010 2441 1049 2496 ut
1069 2440 1169 2516 patet

139 2536 304 2602 20Matth.
328 2535 470 2614 XXVI,
500 2538 596 2620 quod
620 2557 691 2599 non
716 2538 910 2599 observant
931 2536 990 2611 hii,
1018 2536 1078 2619 qui
1102 2537 1168 2600 sol-

181 2641 393 2724 lempnizant
417 2641 579 2706 convivia
603 2640 768 2704 debonis
785 2661 981 2724 pauperum
999 2643 1168 2704 sedentes

181 2745 405 2831 singulariter
428 2754 602 2827 tamquam
626 2765 734 2828 reges
757 2745 793 2809 in
817 2745 916 2811 soli0.

224 2850 270 2914 Et
297 2851 415 2933 quoad
443 2849 590 2913 tercium
618 2849 754 2913 scilicet
782 2850 924 2912 modum
953 2849 1105 2932 prandii:
1128 2847 1168 2914 Si

179 2955 216 3018 in
232 2954 363 3019 nostris
381 2954 563 3038 episcopis
579 2954 626 3018 sit
636 2954 815 3036 gentilitas
831 2954 920 3018 ritus
937 2975 984 3017 ex
1000 2954 1168 3036 superbia

138 3059 343 3142 25episcopi
375 3059 587 3137 introducta,
626 3068 726 3143 patet
759 3060 855 3141 quod
892 3060 1008 3123 omnia
1046 3079 1167 3122 eorum

181 3163 345 3228 convivia
377 3172 458 3227 sunt
490 3165 624 3227 macule
656 3163 691 3227 in
716 3166 905 3240 abstracto,
939 3164 1036 3246 quod
1060 3163 1090 3227 si
1113 3184 1164 3227 se·

180 3270 296 3332 cundo
330 3268 455 3333 timore
483 3268 554 3331 Dei
584 3269 788 3351 postposito
822 3268 924 3330 nimis
956 3277 1166 3350 sumptuose

180 3373 344 3455 paverint
376 3393 415 3437 se
446 3373 547 3456 ipsos
578 3393 650 3436 non
673 3392 862 3455 pauperes
896 3382 933 3436 et
954 3374 1023 3435 hoc
1047 3371 1166 3455 gracia

180 3477 373 3559 voluptatis
402 3498 465 3540 sue
494 3497 534 3540 ac
567 3477 681 3561 glorie
705 3477 883 3555 secularis,
912 3477 991 3559 quis
1017 3476 1164 3553 dubitat,

137 3592 169 3640 30
179 3581 263 3663 quin
288 3582 332 3644 de
356 3581 424 3645 illis
447 3583 727 3664 prophetaverat
751 3591 893 3645 sanctus
916 3581 1044 3661 Judas?

222 3684 398 3766 Quantum
423 3687 466 3749 ad
489 3687 683 3749 secundum
707 3686 838 3771 iugum,
863 3688 959 3769 quod
981 3683 1165 3748 concernit
1175 3695 1324 3794 Tlosehvho
1339 3705 1379 3742 not

177 3799 362 3872 peccatum
387 3791 516 3867 mundi,
540 3789 666 3853 dicitur
689 3790 814 3873 prirn0,
839 3792 935 3873 quod
958 3799 1040 3853 sunt
1062 3791 1166 3854 nubes
1189 3760 1368 3898 ii⁰e⁸ssveiic¹firiii

176 3897 250 3958 sine
279 3915 381 3977 aqua,
413 3915 484 3978 que
517 3915 537 3958 a
570 3895 687 3959 ventis
712 3895 1013 3972 circumferuntur,
1037 3895 1163 3972 nubes,
1232 3865 1285 3898 ⁰⁰¹¹
1305 3869 1325 3900 ⁸⁰

177 4019 246 4082 que
279 4000 464 4063 exalentur
496 4002 541 4064 de
574 4009 676 4077 terra,
715 4008 754 4063 ut
786 4000 856 4064 sint
887 3999 1039 4063 medium
1071 3997 1165 4062 inter

134 4106 298 4187 351aycos
315 4113 353 4168 et
368 4106 490 4183 celum,
515 4104 652 4168 seilicet
673 4104 858 4168 ecclesiam
878 4104 1162 4187 triumphantem,

177 4210 274 4292 quod
297 4209 328 4272 si
350 4209 420 4273 sint
443 4208 519 4272 sine
542 4207 663 4292 pluvia
686 4208 954 4292 predicacionis,
978 4208 1022 4271 ad
1041 4226 1162 4290 quern·

174 4314 262 4376 libet
277 4314 466 4396 impulsum
482 4314 583 4378 venti
599 4314 742 4377 fortune
758 4333 825 4396 pro
846 4311 1109 4398 congregandis
1126 4319 1164 4375 et

225 4426 258 4463 ne
267 4423 382 4464 Potentete
393 4423 459 4468 Pure.
1028 4432 1059 4481 14

1245 876 1386 972 tttt⁶·¹¹⁶
