3008 5026
650 390 820 441 soliturus
838 389 979 439 wvctts
1176 365 1266 453 [cm.
1287 380 1318 425 n

552 545 819 611 Sacramentum
837 545 968 627 pingue
989 544 1077 608 dabo

552 651 629 715 Non
653 671 813 718 macrum
836 649 1047 729 sacrificabo.

366 789 454 854 Cum
500 797 618 853 autem
645 789 747 873 signa
778 789 846 852 ista
882 807 954 850 non
993 787 1064 850 sint
1091 786 1160 850 nisi
1190 787 1315 871 gracia

323 895 553 978 signatorum,
576 894 715 977 signata
737 914 804 976 per
827 913 866 956 se
889 891 1070 956 sufficiunt
1085 891 1162 954 sine
1187 890 1315 972 signis,

323 1000 388 1062 sed
411 999 514 1080 signa
538 998 614 1061 sine
637 998 856 1080 signatorum
884 995 1207 1078 correspondencia
1231 1005 1343 1062 sunt5

323 1123 514 1186 venenum;
549 1122 615 1165 nec
648 1121 804 1165 morarer
827 1101 919 1164 circa
942 1103 1009 1163 hec
1034 1101 1135 1184 signa
1156 1100 1194 1164 in
1216 1119 1315 1164 novo

324 1215 539 1271 testamento
572 1207 616 1269 ad
648 1225 738 1269 onus
769 1206 921 1269 ecclesie
943 1206 1147 1269 introducta
1179 1204 1249 1268 nisi
1273 1204 1318 1266 ad

325 1312 568 1394 detegendum
613 1331 757 1374 sensum
801 1310 976 1374 misticum
1027 1319 1319 1374 ornamentorum

325 1417 598 1480 sacerdotalium
614 1416 706 1497 legis
718 1415 863 1490 veteris,
880 1416 1009 1498 quibus
1025 1415 1142 1478 omnia
1150 1415 1187 1478 in
1201 1414 1319 1497 figura

326 1521 551 1602 contigerant
574 1521 618 1583 ad
641 1521 901 1584 ostendendum
934 1540 1087 1596 sensum,
1121 1539 1227 1602 quem
1249 1538 1319 1581 nos
1332 1549 1364 1586 10

326 1634 468 1688 utentes
503 1625 634 1687 talibus
667 1623 777 1706 signis
809 1624 980 1686 debemus
1007 1624 1320 1706 preponderanter

326 1730 513 1793 attendere
537 1737 575 1791 et
597 1728 640 1790 ad
664 1727 947 1791 convincendum
968 1728 1187 1790 mendacium
1203 1726 1318 1808 philo·

134 1849 230 1911 nesure
245 1848 290 1892 ant
328 1833 476 1915 sophice
508 1831 610 1913 signa
631 1831 699 1894 ista
727 1831 941 1912 gerencium.
974 1832 1034 1893 Ad
1065 1841 1200 1895 tantum
1225 1832 1320 1894 enim

129 1901 293 2012 allidit.
328 1936 469 2019 quidam
492 1936 528 1999 in
550 1935 628 1998 istis
652 1955 742 1997 vane
765 1934 957 2005 subtiliant,
982 1936 1080 2017 quod
1103 1945 1217 1998 totum
1241 1936 1318 1998 offi-

329 2040 419 2103 cium
442 2039 548 2104 misse
573 2048 610 2102 et
629 2037 859 2102 sacerdotalis
880 2038 989 2102 officii
1012 2059 1091 2102 cum
1107 2039 1220 2124 signis
1243 2039 1319 2104 suis
1335 2056 1362 2106 ι’)

328 2164 369 2207 ac
402 2145 510 2207 eciam
541 2152 663 2227 partes
696 2142 841 2206 basilice
866 2163 944 2207 cum
976 2144 1048 2207 suis
1072 2143 1319 2209 accidentibus

327 2248 465 2312 mistice
487 2246 696 2325 moralizant,
730 2257 770 2310 ut
792 2246 1027 2328 ventilogium
1058 2247 1094 2310 in
1117 2249 1320 2313 summitate

330 2351 532 2434 campanilis
557 2350 710 2414 ecclesie
727 2351 850 2413 dicunt
873 2350 1017 2433 signare
1042 2360 1200 2415 curatum
1223 2352 1321 2416 illius

330 2458 492 2535 ecclesie,
503 2456 564 2539 qui
581 2457 691 2518 debet
702 2475 783 2519 esse
798 2454 835 2517 in
851 2455 1129 2519 conversacione
1144 2458 1320 2539 superior,

330 2561 635 2644 contemplacione
660 2559 784 2623 celesti
809 2560 963 2623 ecclesie
985 2561 1215 2643 triumphanti
1237 2582 1366 2644 pro-20

329 2667 495 2749 pinquior
519 2675 556 2729 et
586 2675 713 2728 contra
736 2684 860 2728 omnes
887 2674 1017 2728 ventos
1040 2666 1320 2749 temptacionum

332 2771 485 2834 ecclesie
501 2780 678 2852 tamquam
694 2769 808 2851 gallus
826 2770 868 2831 ad
883 2769 1137 2852 predicandum
1147 2771 1322 2853 paracior.

332 2875 406 2940 Sed
418 2874 657 2938 Antichristus
674 2893 753 2935 curn
769 2873 938 2956 magistro
955 2894 1020 2937 suo
1031 2874 1195 2939 Lucifero
1211 2878 1325 2940 habet

332 2999 473 3042 sensum
492 2978 705 3042 contrarium
721 2977 758 3041 in
772 2977 839 3041 hiis
855 2978 976 3062 signis,
993 2988 1032 3042 ut
1047 2981 1145 3062 quod
1160 2982 1323 3063 prelatus

331 3084 367 3146 in
382 3085 475 3147 fastu
492 3085 539 3147 sit
555 3082 674 3158 alcior,
691 3084 735 3144 ad
752 3101 891 3144 omnem
908 3093 1053 3146 ventum
1068 3085 1323 3167 temptacionis
1336 3100 1367 3150 25

332 3188 528 3252 vertibilior
560 3197 596 3251 et
625 3197 798 3268 tamquam
830 3190 927 3251 canis
947 3188 951 3271 1
972 3193 1088 3252 inritus
1110 3208 1177 3252 non
1204 3191 1325 3254 valens
1354 3207 1415 3264 234·

331 3297 474 3375 latrare,
507 3314 590 3377 ymo
623 3304 663 3357 ut
694 3297 788 3357 nuda
815 3293 895 3374 galli
918 3301 1037 3357 statua
1060 3293 1104 3355 ad
1126 3292 1324 3357 fallendum

333 3399 515 3463 subiectos
539 3398 748 3463 mendacior.

133 3534 168 3578 3121
183 3539 317 3590 argument:
376 3505 504 3569 Tercio
527 3505 768 3590 principaliter
790 3503 951 3586 arguitur
966 3523 1032 3586 per
1048 3506 1116 3566 hoc
1141 3508 1236 3586 quod
1254 3506 1324 3570 nisi

143 3588 292 3698 mliii
333 3631 427 3693 papa
450 3615 597 3675 haberet
620 3610 874 3694 plenitudinem
904 3609 1092 3690 potestatis
1116 3609 1225 3673 etalii
1248 3612 1323 3693 epi·
1336 3624 1370 3675 30

130 3694 311 3807 ,dffissssffffl
335 3716 437 3798 scopi
460 3717 640 3800 gradatim,
665 3726 704 3780 ut
719 3717 754 3779 in
778 3714 925 3779 ecclesia
951 3713 1163 3794 ordinantur,
1185 3716 1325 3799 periret

132 3800 209 3843 *mum
226 3798 313 3854 “ew''
335 3824 422 3884 ordo
448 3820 684 3885 confessionis
712 3831 748 3883 et
770 3821 876 3884 timor
899 3820 1140 3884 committendi
1162 3830 1324 3903 peccata,

336 3947 418 4007 ymo
450 3947 516 4008 per
547 3928 641 3990 idem
665 3946 735 3989 non
760 3928 1012 3989 observaretur
1042 3926 1131 3990 ritus
1154 3926 1213 3988 vel
1237 3946 1325 3989 usus

336 4030 480 4092 alicuius
514 4030 675 4111 ecclesie,
708 4030 773 4094 nisi
801 4031 862 4112 qui
885 4033 977 4094 soret
1000 4050 1175 4114 expresse
1197 4029 1325 4093 funda·

389 4270 425 4314 23.
442 4270 517 4313 Codd.
533 4272 556 4314 in
572 4283 658 4327 marga
679 4272 760 4315 Gallus
775 4284 846 4327 supro
863 4273 997 4326 pbmrulttm
1016 4272 1153 4324 crtntpaur'lt't
1165 4271 1255 4326 positus
1269 4273 1329 4325 qiud

335 4340 423 4395 st'guot.
479 4340 512 4384 31.
529 4340 603 4384 Codd.
620 4342 642 4384 in
659 4354 747 4394 maru:
762 4342 886 4384 Potestatt's
899 4343 1020 4396 ptrttitudo
1035 4342 1059 4384 t'u
1072 4352 1142 4395 popo.
