3008 5026
153 393 221 439 css.
236 381 312 462 vni]
450 397 494 447 DE
515 398 725 449 ΡοτΕετΑτΕ
748 399 845 450 ΡΑΡΕ.

154 555 392 620 testimonium
427 555 598 638 perhibeo
624 557 668 617 de
696 575 752 618 me
780 555 870 638 ipsc,
902 555 1141 621 testimonium

153 681 267 723 meum
305 680 378 722 non
410 670 466 725 est
496 679 630 740 verum,
668 661 733 722 sed
769 670 872 742 pater
902 661 1140 725 testimonium

154 765 326 848 perhibet
350 763 388 829 Si
406 765 516 828 eciam
532 765 696 847 Baptista
711 765 787 830 sine
804 765 932 830 Christi
948 767 1142 831 exaccione

154 870 390 934 testimonium
413 870 594 953 perhibuit
608 869 774 935 Veritati:
798 869 880 953 Ego,
895 869 1019 953 inquit,
1039 872 1142 934 habeo

128 977 383 1039 &testimonium
405 977 522 1039 maius
536 975 701 1056 iohanne,
725 995 830 1056 opera
853 976 945 1039 enim
967 994 1030 1056 que
1052 977 1143 1039 dedit

155 1080 255 1142 michi
275 1085 376 1161 pater
398 1086 434 1142 ui
452 1080 650 1162 perficiam;
670 1081 747 1163 ipsa
763 1099 869 1162 opera
891 1099 954 1160 que
969 1093 1029 1162 ego
1043 1081 1142 1161 facio

152 1185 384 1247 testimonium
414 1185 587 1265 perhibent
617 1185 658 1247 de
690 1203 752 1248 me.
798 1184 855 1246 Ex
881 1183 959 1247 istis
983 1184 1143 1250 textibus

154 1288 297 1351 eliciunt
328 1288 441 1351 sancti
472 1288 653 1352 versucias
691 1288 895 1368 antichristi,
933 1289 1011 1371 ipse
1051 1288 1142 1352 enim

153 1413 286 1456 summe
310 1392 383 1456 sitit
405 1395 577 1456 honorem
602 1404 638 1457 et
659 1395 795 1457 lucrum
817 1394 1038 1474 mundanum,
1063 1414 1141 1457 cum

113 1496 312 1561 1ochristus
350 1497 493 1562 omnino
525 1497 612 1561 fecit
644 1498 864 1562 contrarium.
910 1497 998 1561 Ideo
1034 1499 1142 1562 docet

155 1602 376 1687 Augustinus
422 1602 483 1665 ubi
526 1623 633 1685 supra
677 1604 857 1685 quomodo
900 1602 1141 1668 Antichristus
1190 1609 1320 1654 Anicium

1185 1662 1267 1707 ctrina
1280 1661 1328 1706 thet

153 1706 284 1769 nitetur
319 1708 416 1790 quod
444 1706 520 1771 sine
549 1707 625 1770 eius
653 1707 803 1771 seculari
832 1707 1042 1771 obediencia
1069 1728 1141 1771 non
1190 1714 1317 1810 fflissffi,

153 1821 208 1873 est
240 1813 341 1889 salus,
374 1813 572 1893 quodcum
596 1832 667 1876 non
691 1814 801 1876 habet
828 1812 1067 1876 testimonium
1093 1832 1140 1876 ex
1170 1819 1336 1915 'iiiiiihi‘'

153 1915 337 1996 scriptura,
360 1915 463 1998 fingit
495 1915 529 1978 in
562 1916 680 1979 multis
714 1916 876 1999 epistolis
899 1916 1139 1981 testimonium

112 2021 172 2080 ¹5a
194 2039 233 2081 se
256 2019 350 2100 ipso:
376 2019 415 2082 Si
437 2022 516 2083 boni
536 2040 666 2102 sumus,
690 2021 803 2104 inquit
826 2021 1059 2103 Augustinus,
1074 2022 1139 2102 sa-

151 2124 213 2186 cite
234 2126 324 2204 qiiod
345 2125 510 2206 scriptum
534 2131 597 2188 est:
620 2124 817 2189 imitatores
841 2127 908 2190 mei
924 2131 1032 2200 estote,
1055 2127 1142 2189 sicut

152 2233 182 2289 ei
205 2240 264 2307 ego
289 2226 423 2293 Christi.
448 2228 487 2291 Si
509 2234 624 2292 aretem
648 2232 734 2293 maii
757 2249 890 2312 sumne,
923 2231 1018 2312 quod
1040 2231 1142 2294 Deus

153 2330 265 2415 magis
288 2331 381 2409 facit,
413 2334 463 2395 sic
490 2353 548 2396 nec
570 2333 695 2396 deserti
716 2334 795 2396 estis
816 2353 877 2396 nec
902 2335 977 2397 sine
1000 2335 1140 2399 consilio

151 2436 382 2511 remansistis·
413 2439 529 2500 audite
560 2439 735 2501 dicentem:
777 2437 847 2519 Que
877 2439 994 2501 dicunt
1019 2438 1140 2518 facite,

109 2555 212 2620 20que
232 2546 346 2603 autem
361 2541 501 2621 faciunt
523 2544 624 2605 nolite
637 2543 768 2623 facere.
793 2542 860 2606 Sed
879 2544 1005 2623 prelati
1021 2548 1140 2607 contra

150 2645 222 2706 hec:
246 2640 322 2707 Nisi
344 2647 422 2708 boni
435 2646 625 2728 fuerimus
644 2648 795 2728 peristis
820 2647 888 2710 Sed
906 2648 959 2709 hic
975 2653 1022 2710 est
1038 2648 1140 2723 alius,

151 2749 208 2827 qui
223 2749 329 2811 veniet
340 2751 373 2811 in
389 2752 526 2814 nomine
538 2750 673 2817 Christi.
692 2749 764 2815 Sed
780 2752 873 2813 hunc
885 2750 1139 2816 Antichristum

151 2852 322 2934 alloquor,
346 2853 455 2938 igitur
478 2855 551 2917 vita
574 2875 651 2918 mea
674 2875 721 2918 ex
744 2864 780 2918 te
804 2855 977 2937 pendebit
995 2865 1030 2918 et
1046 2859 1140 2921 salus

152 2977 229 3019 mea
261 2976 307 3019 ex
331 2966 367 3021 te
391 2959 611 3041 religabitur:
649 2959 721 3024 Sed
745 2959 1016 3039 fundamentum
1044 2962 1142 3023 aliud

110 3079 249 3132 25nemo
283 3068 392 3144 potest
425 3082 553 3144 ponere
589 3065 658 3126 nisi
691 3061 874 3138 Christum,
913 3064 996 3127 veni
1033 3063 1142 3146 igitur

153 3184 299 3237 mecum,
324 3166 555 3247 Antichristo,
580 3169 608 3233 si
634 3168 688 3231 vis
706 3188 786 3232 esse
810 3188 919 3251 super
935 3177 1082 3252 petram,
1106 3178 1141 3231 et

152 3268 224 3331 noli
256 3271 349 3332 velle
382 3291 461 3333 esse
493 3272 597 3334 michi
629 3293 696 3355 pro
730 3280 839 3355 petra.
883 3273 930 3335 Et
961 3281 1062 3355 patet
1094 3293 1141 3335 ex
1172 3294 1331 3357 uerterunt·

151 3379 252 3434 textu
269 3373 438 3451 Johannis
455 3375 628 3459 sequenti,
646 3377 825 3458 quomodo
842 3375 1002 3439 Christus
1018 3376 1141 3439 nititur
1152 3348 1357 3445 wni'h'ihihn.

62 3497 122 3547 208⁶
152 3476 351 3541 testimonio
371 3477 375 3561 Ι
395 3478 566 3543 iustorum
600 3500 747 3563 operum
781 3490 817 3543 et
849 3479 1031 3562 scripture,
1069 3500 1140 3542 non

110 3605 141 3652 30
152 3589 268 3643 autem
301 3581 386 3645 solis
419 3582 541 3647 verbis
572 3584 761 3662 hominum,
793 3591 832 3646 ut
864 3584 1026 3665 superius
1056 3583 1140 3647 dicit

153 3685 406 3767 Crysostomus
424 3706 504 3750 esse
522 3687 814 3750 consuetudinem
832 3687 1056 3762 Antichristi3
1073 3689 1140 3750 hec

152 3788 338 3851 considera
362 3799 398 3852 et
420 3791 561 3873 applica
585 3793 627 3853 ad
652 3791 742 3853 facta
758 3791 998 3854 Romanorum
1023 3792 1139 3875 ponti-

152 3893 255 3955 ficum
294 3902 330 3956 et
364 3893 443 3956 vide
481 3895 511 3957 si
543 3904 741 3958 consonant
776 3895 903 3960 ritibus
935 3895 1139 3975 antichristi,

208 4212 240 4244 21.
259 4200 287 4244 B:
295 4199 415 4258 fuerimus
428 4203 498 4246 deest.
556 4202 591 4247 32.
608 4203 638 4246 Bi
652 4203 745 4258 applica
758 4204 793 4247 de.

207 4339 230 4386 4.
250 4325 308 4378 Joh.
321 4326 353 4390 V,
375 4324 415 4377 36.
500 4328 537 4380 15.
557 4327 626 4392 Opp.
645 4338 710 4379 tom.
729 4329 759 4391 V,
779 4327 838 4382 636.
