<?xml version="1.0" encoding="UTF-8"?>
<!DOCTYPE html PUBLIC "-//W3C//DTD XHTML 1.0 Transitional//EN"
    "http://www.w3.org/TR/xhtml1/DTD/xhtml1-transitional.dtd">
<html xmlns="http://www.w3.org/1999/xhtml" xml:lang="en" lang="en">
 <head>
  <title>
</title>
<meta http-equiv="Content-Type" content="text/html;charset=utf-8" />
  <meta name='ocr-system' content='tesseract 3.04.00' />
  <meta name='ocr-capabilities' content='ocr_page ocr_carea ocr_par ocr_line ocrx_word'/>
</head>
<body>
  <div class='ocr_page' id='page_1' title='image "./johanniswyclift00mattgoog_0128.png"; bbox 0 0 3008 5026; ppageno 0'>
   <div class='ocr_carea' id='block_1_1' title="bbox 154 373 844 462">
    <p class='ocr_par' dir='ltr' id='par_1_1' title="bbox 154 373 844 462">
     <span class='ocr_line' id='line_1_1' title="bbox 154 373 844 462; baseline 0.012 -24"><span class='ocrx_word' id='word_1_1' title='bbox 154 389 221 435; x_wconf 73' lang='lat' dir='ltr'>can</span> <span class='ocrx_word' id='word_1_2' title='bbox 242 373 295 462; x_wconf 78' lang='lat' dir='ltr'>m]</span> <span class='ocrx_word' id='word_1_3' title='bbox 451 393 495 444; x_wconf 75' lang='lat' dir='ltr'>ns</span> <span class='ocrx_word' id='word_1_4' title='bbox 515 393 726 444; x_wconf 67' lang='lat' dir='ltr'>coresium:</span> <span class='ocrx_word' id='word_1_5' title='bbox 747 394 844 446; x_wconf 76' lang='lat' dir='ltr'>PAPE.</span> 
     </span>
    </p>
   </div>
   <div class='ocr_carea' id='block_1_2' title="bbox 131 550 1355 1366">
    <p class='ocr_par' dir='ltr' id='par_1_2' title="bbox 131 550 1355 1366">
     <span class='ocr_line' id='line_1_2' title="bbox 155 550 1141 633; baseline 0 -19"><span class='ocrx_word' id='word_1_6' title='bbox 155 561 192 614; x_wconf 88' lang='lat' dir='ltr'>et</span> <span class='ocrx_word' id='word_1_7' title='bbox 216 550 389 615; x_wconf 86' lang='lat' dir='ltr'><strong>Christum</strong></span> <span class='ocrx_word' id='word_1_8' title='bbox 425 570 492 613; x_wconf 87' lang='lat' dir='ltr'>non</span> <span class='ocrx_word' id='word_1_9' title='bbox 526 571 564 613; x_wconf 91' lang='lat' dir='ltr'>se</span> <span class='ocrx_word' id='word_1_10' title='bbox 593 550 801 631; x_wconf 82' lang='lat' dir='ltr'>vigilancius</span> <span class='ocrx_word' id='word_1_11' title='bbox 831 550 1071 633; x_wconf 87' lang='lat' dir='ltr'>predicabant,</span> <span class='ocrx_word' id='word_1_12' title='bbox 1104 561 1141 615; x_wconf 88' lang='lat' dir='ltr'>ut</span> 
     </span>
     <span class='ocr_line' id='line_1_3' title="bbox 153 653 1142 738; baseline 0 -19"><span class='ocrx_word' id='word_1_13' title='bbox 153 666 255 738; x_wconf 88' lang='lat' dir='ltr'>patet</span> <span class='ocrx_word' id='word_1_14' title='bbox 282 654 328 719; x_wconf 93' lang='lat' dir='ltr'>II.</span> <span class='ocrx_word' id='word_1_15' title='bbox 354 654 432 718; x_wconf 87' lang='lat' dir='ltr'>Cor.</span> <span class='ocrx_word' id='word_1_16' title='bbox 461 653 522 717; x_wconf 93' lang='lat' dir='ltr'>IV.</span> <span class='ocrx_word' id='word_1_17' title='bbox 566 654 682 718; x_wconf 92' lang='lat' dir='ltr'>Nichil</span> <span class='ocrx_word' id='word_1_18' title='bbox 715 654 806 717; x_wconf 93' lang='lat' dir='ltr'>enim</span> <span class='ocrx_word' id='word_1_19' title='bbox 839 655 1074 738; x_wconf 83' lang='lat' dir='ltr'>periculosius</span> <span class='ocrx_word' id='word_1_20' title='bbox 1107 656 1142 719; x_wconf 93' lang='lat' dir='ltr'>in</span> 
     </span>
     <span class='ocr_line' id='line_1_4' title="bbox 155 760 1143 844; baseline 0 -19"><span class='ocrx_word' id='word_1_21' title='bbox 155 761 306 825; x_wconf 90' lang='lat' dir='ltr'>ecclesia</span> <span class='ocrx_word' id='word_1_22' title='bbox 339 780 441 843; x_wconf 89' lang='lat' dir='ltr'>quam</span> <span class='ocrx_word' id='word_1_23' title='bbox 466 761 679 823; x_wconf 83' lang='lat' dir='ltr'>obumbrare</span> <span class='ocrx_word' id='word_1_24' title='bbox 703 760 793 823; x_wconf 90' lang='lat' dir='ltr'>viam</span> <span class='ocrx_word' id='word_1_25' title='bbox 818 761 991 844; x_wconf 88' lang='lat' dir='ltr'>sequendi</span> <span class='ocrx_word' id='word_1_26' title='bbox 1013 760 1143 825; x_wconf 77' lang='lat' dir='ltr'>Christi</span> 
     </span>
     <span class='ocr_line' id='line_1_5' title="bbox 154 865 1144 949; baseline 0.001 -19"><span class='ocrx_word' id='word_1_27' title='bbox 154 867 317 949; x_wconf 84' lang='lat' dir='ltr'>vestigia,</span> <span class='ocrx_word' id='word_1_28' title='bbox 355 865 517 929; x_wconf 90' lang='lat' dir='ltr'>ducendo</span> <span class='ocrx_word' id='word_1_29' title='bbox 545 865 717 948; x_wconf 90' lang='lat' dir='ltr'>populum</span> <span class='ocrx_word' id='word_1_30' title='bbox 740 867 783 928; x_wconf 86' lang='lat' dir='ltr'>ab</span> <span class='ocrx_word' id='word_1_31' title='bbox 812 865 887 928; x_wconf 91' lang='lat' dir='ltr'>eius</span> <span class='ocrx_word' id='word_1_32' title='bbox 904 866 1038 948; x_wconf 84' lang='lat' dir='ltr'>semita,</span> <span class='ocrx_word' id='word_1_33' title='bbox 1062 868 1144 949; x_wconf 89' lang='lat' dir='ltr'>quia</span> 
     </span>
     <span class='ocr_line' id='line_1_6' title="bbox 131 970 1142 1052; baseline 0.006 -23"><span class='ocrx_word' id='word_1_34' title='bbox 131 978 254 1034; x_wconf 63' lang='lat' dir='ltr'>§error</span> <span class='ocrx_word' id='word_1_35' title='bbox 285 971 364 1034; x_wconf 85' lang='lat' dir='ltr'>talis</span> <span class='ocrx_word' id='word_1_36' title='bbox 396 970 590 1033; x_wconf 90' lang='lat' dir='ltr'>secundum</span> <span class='ocrx_word' id='word_1_37' title='bbox 623 970 912 1052; x_wconf 82' lang='lat' dir='ltr'>imaginacionem</span> <span class='ocrx_word' id='word_1_38' title='bbox 936 971 1142 1036; x_wconf 88' lang='lat' dir='ltr'>Aristotelis</span> 
     </span>
     <span class='ocr_line' id='line_1_7' title="bbox 154 1073 1142 1158; baseline 0.002 -21"><span class='ocrx_word' id='word_1_39' title='bbox 154 1075 268 1158; x_wconf 86' lang='lat' dir='ltr'>primo</span> <span class='ocrx_word' id='word_1_40' title='bbox 291 1076 348 1139; x_wconf 92' lang='lat' dir='ltr'>De</span> <span class='ocrx_word' id='word_1_41' title='bbox 373 1073 459 1138; x_wconf 89' lang='lat' dir='ltr'>Celo</span> <span class='ocrx_word' id='word_1_42' title='bbox 484 1084 520 1136; x_wconf 91' lang='lat' dir='ltr'>et</span> <span class='ocrx_word' id='word_1_43' title='bbox 542 1074 677 1138; x_wconf 89' lang='lat' dir='ltr'>Mundo</span> <span class='ocrx_word' id='word_1_44' title='bbox 711 1084 892 1137; x_wconf 82' lang='lat' dir='ltr'>cresceret</span> <span class='ocrx_word' id='word_1_45' title='bbox 923 1075 958 1138; x_wconf 92' lang='lat' dir='ltr'>in</span> <span class='ocrx_word' id='word_1_46' title='bbox 991 1076 1142 1140; x_wconf 91' lang='lat' dir='ltr'>declina·</span> 
     </span>
     <span class='ocr_line' id='line_1_8' title="bbox 155 1179 744 1242; baseline -0.002 0"><span class='ocrx_word' id='word_1_47' title='bbox 155 1180 291 1242; x_wconf 91' lang='lat' dir='ltr'>cionem</span> <span class='ocrx_word' id='word_1_48' title='bbox 315 1179 501 1242; x_wconf 86' lang='lat' dir='ltr'>maximam</span> <span class='ocrx_word' id='word_1_49' title='bbox 525 1179 744 1242; x_wconf 89' lang='lat' dir='ltr'>Antichristi.</span> 
     </span>
     <span class='ocr_line' id='line_1_9' title="bbox 198 1283 1355 1366; baseline 0.011 -19"><span class='ocrx_word' id='word_1_50' title='bbox 198 1284 244 1347; x_wconf 89' lang='lat' dir='ltr'>Et</span> <span class='ocrx_word' id='word_1_51' title='bbox 261 1304 307 1347; x_wconf 86' lang='lat' dir='ltr'>ex</span> <span class='ocrx_word' id='word_1_52' title='bbox 322 1284 390 1347; x_wconf 92' lang='lat' dir='ltr'>isto</span> <span class='ocrx_word' id='word_1_53' title='bbox 407 1292 532 1366; x_wconf 92' lang='lat' dir='ltr'>quarto</span> <span class='ocrx_word' id='word_1_54' title='bbox 550 1283 725 1366; x_wconf 85' lang='lat' dir='ltr'>colligitur</span> <span class='ocrx_word' id='word_1_55' title='bbox 746 1284 852 1366; x_wconf 90' lang='lat' dir='ltr'>quod,</span> <span class='ocrx_word' id='word_1_56' title='bbox 869 1284 946 1347; x_wconf 91' lang='lat' dir='ltr'>sive</span> <span class='ocrx_word' id='word_1_57' title='bbox 964 1286 1141 1350; x_wconf 85' lang='lat' dir='ltr'>electores</span> <span class='ocrx_word' id='word_1_58' title='bbox 1155 1312 1206 1357; x_wconf 80' lang='lat' dir='ltr'>rue</span> <span class='ocrx_word' id='word_1_59' title='bbox 1221 1326 1313 1358; x_wconf 61' lang='lat' dir='ltr'>succes·</span> <span class='ocrx_word' id='word_1_60' title='bbox 1328 1316 1355 1358; x_wconf 79' lang='lat' dir='ltr'>or</span> 
     </span>
    </p>
   </div>
   <div class='ocr_carea' id='block_1_3' title="bbox 153 1366 1342 1477">
    <p class='ocr_par' dir='ltr' id='par_1_3' title="bbox 153 1366 1342 1477">
     <span class='ocr_line' id='line_1_10' title="bbox 153 1366 1342 1477; baseline 0.003 -27"><span class='ocrx_word' id='word_1_61' title='bbox 153 1390 247 1450; x_wconf 92' lang='lat' dir='ltr'>bene</span> <span class='ocrx_word' id='word_1_62' title='bbox 263 1389 321 1451; x_wconf 90' lang='lat' dir='ltr'>vel</span> <span class='ocrx_word' id='word_1_63' title='bbox 341 1389 429 1450; x_wconf 91' lang='lat' dir='ltr'>male</span> <span class='ocrx_word' id='word_1_64' title='bbox 448 1388 633 1470; x_wconf 82' lang='lat' dir='ltr'>elegerint,</span> <span class='ocrx_word' id='word_1_65' title='bbox 657 1388 827 1472; x_wconf 90' lang='lat' dir='ltr'>operibus</span> <span class='ocrx_word' id='word_1_66' title='bbox 847 1389 952 1452; x_wconf 92' lang='lat' dir='ltr'>bonis</span> <span class='ocrx_word' id='word_1_67' title='bbox 969 1390 1141 1453; x_wconf 89' lang='lat' dir='ltr'>debemus</span> <span class='ocrx_word' id='word_1_68' title='bbox 1164 1377 1196 1462; x_wconf 64' lang='lat'>⁸12</span> <span class='ocrx_word' id='word_1_69' title='bbox 1208 1366 1342 1477; x_wconf 54' lang='grc' dir='ltr'>ῗξᾟῗὲἓᾷἷ</span> 
     </span>
    </p>
   </div>
   <div class='ocr_carea' id='block_1_4' title="bbox 66 1472 1341 3565">
    <p class='ocr_par' dir='ltr' id='par_1_4' title="bbox 66 1472 1341 3565">
     <span class='ocr_line' id='line_1_11' title="bbox 114 1472 1341 1578; baseline 0.011 -23"><span class='ocrx_word' id='word_1_70' title='bbox 114 1495 302 1556; x_wconf 72' lang='lat' dir='ltr'>recredere</span> <span class='ocrx_word' id='word_1_71' title='bbox 336 1501 372 1555; x_wconf 92' lang='lat' dir='ltr'>et</span> <span class='ocrx_word' id='word_1_72' title='bbox 411 1492 623 1575; x_wconf 86' lang='lat' dir='ltr'>quicumque</span> <span class='ocrx_word' id='word_1_73' title='bbox 661 1494 788 1556; x_wconf 89' lang='lat' dir='ltr'>modus</span> <span class='ocrx_word' id='word_1_74' title='bbox 826 1493 1034 1575; x_wconf 88' lang='lat' dir='ltr'>perficiendi</span> <span class='ocrx_word' id='word_1_75' title='bbox 1065 1515 1140 1578; x_wconf 88' lang='lat' dir='ltr'>pre·</span> <span class='ocrx_word' id='word_1_76' title='bbox 1171 1472 1341 1570; x_wconf 53' lang='lat' dir='ltr'>iiriseii&#39;iiie</span> 
     </span>
     <span class='ocr_line' id='line_1_12' title="bbox 153 1578 1302 1682; baseline 0.002 -21"><span class='ocrx_word' id='word_1_77' title='bbox 153 1598 309 1682; x_wconf 88' lang='lat' dir='ltr'>positum</span> <span class='ocrx_word' id='word_1_78' title='bbox 339 1597 444 1660; x_wconf 84' lang='lat' dir='ltr'>fuerit</span> <span class='ocrx_word' id='word_1_79' title='bbox 471 1597 600 1660; x_wconf 91' lang='lat' dir='ltr'>iudicio</span> <span class='ocrx_word' id='word_1_80' title='bbox 625 1597 756 1660; x_wconf 88' lang='lat' dir='ltr'>Christi</span> <span class='ocrx_word' id='word_1_81' title='bbox 780 1597 996 1661; x_wconf 84' lang='lat' dir='ltr'>conformior</span> <span class='ocrx_word' id='word_1_82' title='bbox 1018 1608 1073 1662; x_wconf 91' lang='lat' dir='ltr'>est</span> <span class='ocrx_word' id='word_1_83' title='bbox 1097 1620 1141 1663; x_wconf 88' lang='lat' dir='ltr'>eo</span> <span class='ocrx_word' id='word_1_84' title='bbox 1207 1578 1302 1623; x_wconf 49' lang='grc' dir='ltr'>Μ’</span> 
     </span>
     <span class='ocr_line' id='line_1_13' title="bbox 154 1701 1141 1788; baseline 0.003 -23"><span class='ocrx_word' id='word_1_85' title='bbox 154 1701 286 1766; x_wconf 90' lang='lat' dir='ltr'>melior.</span> <span class='ocrx_word' id='word_1_86' title='bbox 331 1701 422 1765; x_wconf 90' lang='lat' dir='ltr'>Nam</span> <span class='ocrx_word' id='word_1_87' title='bbox 447 1722 493 1764; x_wconf 85' lang='lat' dir='ltr'>ex</span> <span class='ocrx_word' id='word_1_88' title='bbox 517 1701 620 1765; x_wconf 90' lang='lat' dir='ltr'>dictis</span> <span class='ocrx_word' id='word_1_89' title='bbox 644 1703 803 1766; x_wconf 90' lang='lat' dir='ltr'>seeundo</span> <span class='ocrx_word' id='word_1_90' title='bbox 832 1702 986 1784; x_wconf 84' lang='lat' dir='ltr'>capitulo</span> <span class='ocrx_word' id='word_1_91' title='bbox 1010 1706 1054 1767; x_wconf 92' lang='lat' dir='ltr'>de</span> <span class='ocrx_word' id='word_1_92' title='bbox 1078 1725 1141 1788; x_wconf 90' lang='lat' dir='ltr'>po·</span> 
     </span>
     <span class='ocr_line' id='line_1_14' title="bbox 153 1806 1143 1891; baseline 0.003 -22"><span class='ocrx_word' id='word_1_93' title='bbox 153 1816 284 1871; x_wconf 91' lang='lat' dir='ltr'>testate</span> <span class='ocrx_word' id='word_1_94' title='bbox 324 1827 368 1870; x_wconf 94' lang='lat' dir='ltr'>eo</span> <span class='ocrx_word' id='word_1_95' title='bbox 405 1808 486 1889; x_wconf 92' lang='lat' dir='ltr'>ipso</span> <span class='ocrx_word' id='word_1_96' title='bbox 526 1827 598 1890; x_wconf 92' lang='lat' dir='ltr'>quo</span> <span class='ocrx_word' id='word_1_97' title='bbox 637 1808 715 1891; x_wconf 94' lang='lat' dir='ltr'>quis</span> <span class='ocrx_word' id='word_1_98' title='bbox 755 1806 935 1889; x_wconf 91' lang='lat' dir='ltr'>copiosius</span> <span class='ocrx_word' id='word_1_99' title='bbox 971 1817 1143 1891; x_wconf 85' lang='lat' dir='ltr'>operatur</span> 
     </span>
     <span class='ocr_line' id='line_1_15' title="bbox 152 1911 1140 1996; baseline 0.003 -23"><span class='ocrx_word' id='word_1_100' title='bbox 152 1911 332 1975; x_wconf 89' lang='lat' dir='ltr'>meritorie</span> <span class='ocrx_word' id='word_1_101' title='bbox 363 1913 471 1974; x_wconf 89' lang='lat' dir='ltr'>habet</span> <span class='ocrx_word' id='word_1_102' title='bbox 503 1932 523 1974; x_wconf 91' lang='lat' dir='ltr'>a</span> <span class='ocrx_word' id='word_1_103' title='bbox 554 1912 636 1975; x_wconf 89' lang='lat' dir='ltr'>Deo</span> <span class='ocrx_word' id='word_1_104' title='bbox 675 1913 721 1974; x_wconf 91' lang='lat' dir='ltr'>ad</span> <span class='ocrx_word' id='word_1_105' title='bbox 759 1913 828 1974; x_wconf 92' lang='lat' dir='ltr'>hoc</span> <span class='ocrx_word' id='word_1_106' title='bbox 861 1912 1042 1994; x_wconf 89' lang='lat' dir='ltr'>copiosius</span> <span class='ocrx_word' id='word_1_107' title='bbox 1079 1934 1140 1996; x_wconf 93' lang='lat' dir='ltr'>po·</span> 
     </span>
     <span class='ocr_line' id='line_1_16' title="bbox 114 2015 1142 2101; baseline 0.005 -24"><span class='ocrx_word' id='word_1_108' title='bbox 114 2022 142 2072; x_wconf 82' lang='lat'>15</span> <span class='ocrx_word' id='word_1_109' title='bbox 153 2025 327 2080; x_wconf 88' lang='lat' dir='ltr'>testatem.</span> <span class='ocrx_word' id='word_1_110' title='bbox 339 2015 384 2078; x_wconf 89' lang='lat' dir='ltr'>Et</span> <span class='ocrx_word' id='word_1_111' title='bbox 394 2016 475 2079; x_wconf 91' lang='lat' dir='ltr'>hinc</span> <span class='ocrx_word' id='word_1_112' title='bbox 488 2016 575 2080; x_wconf 90' lang='lat' dir='ltr'>dicit</span> <span class='ocrx_word' id='word_1_113' title='bbox 585 2015 745 2080; x_wconf 89' lang='lat' dir='ltr'>Christus</span> <span class='ocrx_word' id='word_1_114' title='bbox 756 2016 832 2095; x_wconf 90' lang='lat' dir='ltr'>Joh.</span> <span class='ocrx_word' id='word_1_115' title='bbox 844 2015 892 2098; x_wconf 88' lang='lat' dir='ltr'>X,</span> <span class='ocrx_word' id='word_1_116' title='bbox 903 2021 957 2097; x_wconf 81' lang='lat'>38:</span> <span class='ocrx_word' id='word_1_117' title='bbox 974 2017 1142 2101; x_wconf 80' lang='lat' dir='ltr'>Operibus</span> 
     </span>
     <span class='ocr_line' id='line_1_17' title="bbox 66 2119 1142 2207; baseline 0.001 -23"><span class='ocrx_word' id='word_1_118' title='bbox 66 2122 126 2191; x_wconf 68' lang='lat'>176⁴</span> <span class='ocrx_word' id='word_1_119' title='bbox 153 2123 287 2198; x_wconf 79' lang='lat' dir='ltr'>credite,</span> <span class='ocrx_word' id='word_1_120' title='bbox 318 2130 354 2184; x_wconf 93' lang='lat' dir='ltr'>et</span> <span class='ocrx_word' id='word_1_121' title='bbox 384 2120 466 2183; x_wconf 91' lang='lat' dir='ltr'>hinc</span> <span class='ocrx_word' id='word_1_122' title='bbox 490 2122 575 2184; x_wconf 88' lang='lat' dir='ltr'>dicit</span> <span class='ocrx_word' id='word_1_123' title='bbox 596 2119 600 2207; x_wconf 75' lang='lat' dir='ltr'>l</span> <span class='ocrx_word' id='word_1_124' title='bbox 622 2120 863 2185; x_wconf 88' lang='lat' dir='ltr'>Crisostomus</span> <span class='ocrx_word' id='word_1_125' title='bbox 895 2121 930 2184; x_wconf 94' lang='lat' dir='ltr'>in</span> <span class='ocrx_word' id='word_1_126' title='bbox 952 2123 1010 2185; x_wconf 91' lang='lat' dir='ltr'>De</span> <span class='ocrx_word' id='word_1_127' title='bbox 1038 2123 1142 2185; x_wconf 88' lang='lat' dir='ltr'>laude</span> 
     </span>
     <span class='ocr_line' id='line_1_18' title="bbox 152 2223 1140 2310; baseline 0.003 -23"><span class='ocrx_word' id='word_1_128' title='bbox 152 2225 266 2288; x_wconf 85' lang='lat' dir='ltr'>Pauli:</span> <span class='ocrx_word' id='word_1_129' title='bbox 302 2223 351 2302; x_wconf 78' lang='lat' dir='ltr'>Si,</span> <span class='ocrx_word' id='word_1_130' title='bbox 375 2226 499 2309; x_wconf 90' lang='lat' dir='ltr'>inquit,</span> <span class='ocrx_word' id='word_1_131' title='bbox 524 2228 717 2308; x_wconf 77' lang='lat' dir='ltr'>magisterii</span> <span class='ocrx_word' id='word_1_132' title='bbox 744 2232 842 2309; x_wconf 78' lang='lat' dir='ltr'>utqrre</span> <span class='ocrx_word' id='word_1_133' title='bbox 860 2228 1039 2310; x_wconf 84' lang='lat' dir='ltr'>primatus</span> <span class='ocrx_word' id='word_1_134' title='bbox 1061 2228 1140 2290; x_wconf 84' lang='lat' dir='ltr'>adi·</span> 
     </span>
     <span class='ocr_line' id='line_1_19' title="bbox 149 2332 1141 2415; baseline 0.005 -23"><span class='ocrx_word' id='word_1_135' title='bbox 149 2332 305 2414; x_wconf 85' lang='lat' dir='ltr'>pisceudi</span> <span class='ocrx_word' id='word_1_136' title='bbox 323 2333 448 2413; x_wconf 77' lang='lat' dir='ltr'>gracia</span> <span class='ocrx_word' id='word_1_137' title='bbox 472 2334 519 2394; x_wconf 81' lang='lat' dir='ltr'>dd</span> <span class='ocrx_word' id='word_1_138' title='bbox 537 2334 763 2414; x_wconf 75' lang='lat' dir='ltr'>procuranda</span> <span class='ocrx_word' id='word_1_139' title='bbox 786 2337 883 2394; x_wconf 82' lang='lat' dir='ltr'>tantu</span> <span class='ocrx_word' id='word_1_140' title='bbox 899 2333 1038 2415; x_wconf 84' lang='lat' dir='ltr'>negocia</span> <span class='ocrx_word' id='word_1_141' title='bbox 1055 2352 1141 2415; x_wconf 81' lang='lat' dir='ltr'>apo-</span> 
     </span>
     <span class='ocr_line' id='line_1_20' title="bbox 151 2438 1142 2520; baseline 0 -19"><span class='ocrx_word' id='word_1_142' title='bbox 151 2438 229 2501; x_wconf 84' lang='lat' dir='ltr'>stoli</span> <span class='ocrx_word' id='word_1_143' title='bbox 240 2438 491 2520; x_wconf 81' lang='lat' dir='ltr'>prosiluissent,</span> <span class='ocrx_word' id='word_1_144' title='bbox 514 2442 752 2518; x_wconf 74' lang='lat' dir='ltr'>cousequenter</span> <span class='ocrx_word' id='word_1_145' title='bbox 767 2442 875 2500; x_wconf 85' lang='lat' dir='ltr'>esseut</span> <span class='ocrx_word' id='word_1_146' title='bbox 896 2439 938 2500; x_wconf 86' lang='lat' dir='ltr'>de</span> <span class='ocrx_word' id='word_1_147' title='bbox 954 2439 1142 2502; x_wconf 80' lang='lat' dir='ltr'>urribiciouc</span> 
     </span>
     <span class='ocr_line' id='line_1_21' title="bbox 111 2538 1143 2627; baseline -0.005 -17"><span class='ocrx_word' id='word_1_148' title='bbox 111 2577 143 2611; x_wconf 85' lang='lat'>20</span> <span class='ocrx_word' id='word_1_149' title='bbox 152 2543 344 2627; x_wconf 79' lang='lat' dir='ltr'>culpabiles.</span> <span class='ocrx_word' id='word_1_150' title='bbox 361 2538 546 2623; x_wconf 88' lang='lat' dir='ltr'>Sequitur:</span> <span class='ocrx_word' id='word_1_151' title='bbox 563 2539 657 2603; x_wconf 87' lang='lat' dir='ltr'>Sicut</span> <span class='ocrx_word' id='word_1_152' title='bbox 673 2543 774 2617; x_wconf 76' lang='lat' dir='ltr'>cuitu,</span> <span class='ocrx_word' id='word_1_153' title='bbox 790 2542 849 2624; x_wconf 84' lang='lat' dir='ltr'>qui</span> <span class='ocrx_word' id='word_1_154' title='bbox 861 2541 1022 2623; x_wconf 83' lang='lat' dir='ltr'>princeps</span> <span class='ocrx_word' id='word_1_155' title='bbox 1028 2541 1143 2622; x_wconf 69' lang='lat' dir='ltr'>scierit</span> 
     </span>
     <span class='ocr_line' id='line_1_22' title="bbox 153 2645 1136 2726; baseline -0.003 -15"><span class='ocrx_word' id='word_1_156' title='bbox 153 2649 344 2723; x_wconf 81' lang='lat' dir='ltr'>ordinatus,</span> <span class='ocrx_word' id='word_1_157' title='bbox 361 2646 428 2709; x_wconf 84' lang='lat' dir='ltr'>uisi</span> <span class='ocrx_word' id='word_1_158' title='bbox 444 2646 546 2725; x_wconf 74' lang='lat' dir='ltr'>digne</span> <span class='ocrx_word' id='word_1_159' title='bbox 565 2645 631 2708; x_wconf 83' lang='lat' dir='ltr'>sibi</span> <span class='ocrx_word' id='word_1_160' title='bbox 647 2646 849 2726; x_wconf 80' lang='lat' dir='ltr'>impositum</span> <span class='ocrx_word' id='word_1_161' title='bbox 865 2646 1037 2709; x_wconf 82' lang='lat' dir='ltr'>ministret</span> <span class='ocrx_word' id='word_1_162' title='bbox 1059 2645 1136 2726; x_wconf 81' lang='lat' dir='ltr'>offi-</span> 
     </span>
     <span class='ocr_line' id='line_1_23' title="bbox 152 2750 1142 2831; baseline -0.004 -15"><span class='ocrx_word' id='word_1_163' title='bbox 152 2755 255 2827; x_wconf 78' lang='lat' dir='ltr'>cium,</span> <span class='ocrx_word' id='word_1_164' title='bbox 289 2755 441 2814; x_wconf 83' lang='lat' dir='ltr'>ureretur</span> <span class='ocrx_word' id='word_1_165' title='bbox 472 2750 582 2812; x_wconf 80' lang='lat' dir='ltr'>eciam</span> <span class='ocrx_word' id='word_1_166' title='bbox 607 2750 747 2812; x_wconf 80' lang='lat' dir='ltr'>maiora</span> <span class='ocrx_word' id='word_1_167' title='bbox 768 2750 951 2831; x_wconf 80' lang='lat' dir='ltr'>supplicia,</span> <span class='ocrx_word' id='word_1_168' title='bbox 982 2750 1032 2812; x_wconf 87' lang='lat' dir='ltr'>sic</span> <span class='ocrx_word' id='word_1_169' title='bbox 1054 2751 1142 2812; x_wconf 81' lang='lat' dir='ltr'>ulter</span> 
     </span>
     <span class='ocr_line' id='line_1_24' title="bbox 152 2854 1142 2936; baseline -0.004 -16"><span class='ocrx_word' id='word_1_170' title='bbox 152 2858 213 2920; x_wconf 82' lang='lat' dir='ltr'>etsi</span> <span class='ocrx_word' id='word_1_171' title='bbox 236 2874 301 2918; x_wconf 87' lang='lat' dir='ltr'>nou</span> <span class='ocrx_word' id='word_1_172' title='bbox 324 2855 512 2925; x_wconf 78' lang='lat' dir='ltr'>ordinetur,</span> <span class='ocrx_word' id='word_1_173' title='bbox 535 2854 702 2936; x_wconf 79' lang='lat' dir='ltr'>suscipiat</span> <span class='ocrx_word' id='word_1_174' title='bbox 724 2859 839 2917; x_wconf 82' lang='lat' dir='ltr'>tamen</span> <span class='ocrx_word' id='word_1_175' title='bbox 856 2859 886 2916; x_wconf 85' lang='lat' dir='ltr'>et</span> <span class='ocrx_word' id='word_1_176' title='bbox 904 2854 991 2916; x_wconf 86' lang='lat' dir='ltr'>sicut</span> <span class='ocrx_word' id='word_1_177' title='bbox 1013 2858 1142 2935; x_wconf 86' lang='lat' dir='ltr'>oportet</span> 
     </span>
     <span class='ocr_line' id='line_1_25' title="bbox 152 2955 1141 3044; baseline -0.001 -21"><span class='ocrx_word' id='word_1_178' title='bbox 152 2963 291 3044; x_wconf 82' lang='lat' dir='ltr'>impleat</span> <span class='ocrx_word' id='word_1_179' title='bbox 322 2978 388 3021; x_wconf 86' lang='lat' dir='ltr'>uon</span> <span class='ocrx_word' id='word_1_180' title='bbox 421 2958 496 3021; x_wconf 86' lang='lat' dir='ltr'>dico</span> <span class='ocrx_word' id='word_1_181' title='bbox 527 2959 763 3021; x_wconf 81' lang='lat' dir='ltr'>sacerdocium</span> <span class='ocrx_word' id='word_1_182' title='bbox 800 2959 860 3021; x_wconf 85' lang='lat' dir='ltr'>scd</span> <span class='ocrx_word' id='word_1_183' title='bbox 890 2955 1141 3022; x_wconf 78' lang='lat' dir='ltr'>solicitudinem</span> 
     </span>
     <span class='ocr_line' id='line_1_26' title="bbox 112 3063 1142 3148; baseline -0.003 -19"><span class='ocrx_word' id='word_1_184' title='bbox 112 3083 338 3148; x_wconf 78' lang='lat' dir='ltr'>25curamque</span> <span class='ocrx_word' id='word_1_185' title='bbox 381 3064 580 3142; x_wconf 79' lang='lat' dir='ltr'>rrutltoruur,</span> <span class='ocrx_word' id='word_1_186' title='bbox 623 3075 702 3127; x_wconf 85' lang='lat' dir='ltr'>tuuc</span> <span class='ocrx_word' id='word_1_187' title='bbox 739 3063 892 3146; x_wconf 82' lang='lat' dir='ltr'>profecto</span> <span class='ocrx_word' id='word_1_188' title='bbox 933 3063 1058 3126; x_wconf 80' lang='lat' dir='ltr'>liouorc</span> <span class='ocrx_word' id='word_1_189' title='bbox 1094 3068 1142 3126; x_wconf 86' lang='lat' dir='ltr'>est</span> 
     </span>
     <span class='ocr_line' id='line_1_27' title="bbox 151 3166 1140 3252; baseline -0.004 -18"><span class='ocrx_word' id='word_1_190' title='bbox 151 3169 386 3252; x_wconf 82' lang='lat' dir='ltr'>dignissimus.</span> <span class='ocrx_word' id='word_1_191' title='bbox 426 3166 500 3231; x_wconf 90' lang='lat' dir='ltr'>Iste</span> <span class='ocrx_word' id='word_1_192' title='bbox 533 3177 676 3231; x_wconf 87' lang='lat' dir='ltr'>sanctus</span> <span class='ocrx_word' id='word_1_193' title='bbox 704 3188 777 3230; x_wconf 90' lang='lat' dir='ltr'>non</span> <span class='ocrx_word' id='word_1_194' title='bbox 804 3166 1019 3249; x_wconf 90' lang='lat' dir='ltr'>ponderavit</span> <span class='ocrx_word' id='word_1_195' title='bbox 1048 3168 1140 3230; x_wconf 91' lang='lat' dir='ltr'>elec·</span> 
     </span>
     <span class='ocr_line' id='line_1_28' title="bbox 153 3273 800 3339; baseline -0.008 0"><span class='ocrx_word' id='word_1_196' title='bbox 153 3276 274 3339; x_wconf 89' lang='lat' dir='ltr'>ciones</span> <span class='ocrx_word' id='word_1_197' title='bbox 298 3282 439 3337; x_wconf 88' lang='lat' dir='ltr'>nostras</span> <span class='ocrx_word' id='word_1_198' title='bbox 464 3274 529 3335; x_wconf 91' lang='lat' dir='ltr'>sed</span> <span class='ocrx_word' id='word_1_199' title='bbox 551 3282 649 3336; x_wconf 89' lang='lat' dir='ltr'>recta</span> <span class='ocrx_word' id='word_1_200' title='bbox 672 3273 800 3336; x_wconf 85' lang='lat' dir='ltr'>officia.</span> 
     </span>
     <span class='ocr_line' id='line_1_29' title="bbox 195 3376 1141 3461; baseline -0.005 -18"><span class='ocrx_word' id='word_1_201' title='bbox 195 3376 268 3443; x_wconf 91' lang='lat' dir='ltr'>Sed</span> <span class='ocrx_word' id='word_1_202' title='bbox 293 3387 416 3441; x_wconf 90' lang='lat' dir='ltr'>contra</span> <span class='ocrx_word' id='word_1_203' title='bbox 438 3378 525 3442; x_wconf 90' lang='lat' dir='ltr'>illud</span> <span class='ocrx_word' id='word_1_204' title='bbox 548 3378 707 3460; x_wconf 85' lang='lat' dir='ltr'>arguitur</span> <span class='ocrx_word' id='word_1_205' title='bbox 730 3398 796 3461; x_wconf 88' lang='lat' dir='ltr'>per</span> <span class='ocrx_word' id='word_1_206' title='bbox 818 3379 897 3453; x_wconf 91' lang='lat' dir='ltr'>hoc,</span> <span class='ocrx_word' id='word_1_207' title='bbox 922 3378 1019 3461; x_wconf 92' lang='lat' dir='ltr'>quod</span> <span class='ocrx_word' id='word_1_208' title='bbox 1042 3377 1141 3440; x_wconf 87' lang='lat' dir='ltr'>iuxta</span> 
     </span>
     <span class='ocr_line' id='line_1_30' title="bbox 152 3482 1140 3565; baseline -0.002 -19"><span class='ocrx_word' id='word_1_209' title='bbox 152 3483 252 3548; x_wconf 90' lang='lat' dir='ltr'>istam</span> <span class='ocrx_word' id='word_1_210' title='bbox 276 3482 493 3546; x_wconf 89' lang='lat' dir='ltr'>sentenciam</span> <span class='ocrx_word' id='word_1_211' title='bbox 517 3482 678 3565; x_wconf 88' lang='lat' dir='ltr'>perirent</span> <span class='ocrx_word' id='word_1_212' title='bbox 698 3485 742 3545; x_wconf 94' lang='lat' dir='ltr'>de</span> <span class='ocrx_word' id='word_1_213' title='bbox 767 3483 1008 3545; x_wconf 89' lang='lat' dir='ltr'>eleccionibus</span> <span class='ocrx_word' id='word_1_214' title='bbox 1031 3483 1140 3545; x_wconf 90' lang='lat' dir='ltr'>multe</span> 
     </span>
    </p>
   </div>
   <div class='ocr_carea' id='block_1_5' title="bbox 112 3587 790 3672">
    <p class='ocr_par' dir='ltr' id='par_1_5' title="bbox 112 3587 790 3672">
     <span class='ocr_line' id='line_1_31' title="bbox 112 3587 790 3672; baseline 0.003 -22"><span class='ocrx_word' id='word_1_215' title='bbox 112 3589 253 3671; x_wconf 81' lang='lat' dir='ltr'>301eges</span> <span class='ocrx_word' id='word_1_216' title='bbox 277 3597 313 3650; x_wconf 93' lang='lat' dir='ltr'>et</span> <span class='ocrx_word' id='word_1_217' title='bbox 335 3590 444 3651; x_wconf 87' lang='lat' dir='ltr'>multa</span> <span class='ocrx_word' id='word_1_218' title='bbox 466 3590 585 3672; x_wconf 86' lang='lat' dir='ltr'>legum</span> <span class='ocrx_word' id='word_1_219' title='bbox 609 3587 790 3671; x_wconf 83' lang='lat' dir='ltr'>principia.</span> 
     </span>
    </p>
   </div>
   <div class='ocr_carea' id='block_1_6' title="bbox 151 3843 1141 4108">
    <p class='ocr_par' dir='ltr' id='par_1_6' title="bbox 151 3843 1141 4108">
     <span class='ocr_line' id='line_1_32' title="bbox 203 3843 1140 3901; baseline 0 -14"><span class='ocrx_word' id='word_1_220' title='bbox 203 3861 225 3898; x_wconf 80' lang='lat'>4.</span> <span class='ocrx_word' id='word_1_221' title='bbox 242 3845 333 3889; x_wconf 51' lang='lat' dir='ltr'>(lodda</span> <span class='ocrx_word' id='word_1_222' title='bbox 349 3851 371 3888; x_wconf 82' lang='lat' dir='ltr'>et</span> <span class='ocrx_word' id='word_1_223' title='bbox 384 3844 497 3888; x_wconf 81' lang='lat' dir='ltr'>ducendo.</span> <span class='ocrx_word' id='word_1_224' title='bbox 552 3846 574 3887; x_wconf 75' lang='lat'>8.</span> <span class='ocrx_word' id='word_1_225' title='bbox 589 3848 610 3888; x_wconf 80' lang='lat' dir='ltr'>A</span> <span class='ocrx_word' id='word_1_226' title='bbox 625 3844 649 3888; x_wconf 89' lang='lat' dir='ltr'>in</span> <span class='ocrx_word' id='word_1_227' title='bbox 675 3857 761 3899; x_wconf 61' lang='lat' dir='ltr'>meru:</span> <span class='ocrx_word' id='word_1_228' title='bbox 782 3843 865 3901; x_wconf 78' lang='lat' dir='ltr'>Officii</span> <span class='ocrx_word' id='word_1_229' title='bbox 882 3845 987 3900; x_wconf 81' lang='lat' dir='ltr'>explecin</span> <span class='ocrx_word' id='word_1_230' title='bbox 1006 3845 1084 3889; x_wconf 75' lang='lat' dir='ltr'>delita</span> <span class='ocrx_word' id='word_1_231' title='bbox 1103 3856 1140 3888; x_wconf 83' lang='lat' dir='ltr'>or·</span> 
     </span>
     <span class='ocr_line' id='line_1_33' title="bbox 151 3913 1141 3970; baseline 0 -12"><span class='ocrx_word' id='word_1_232' title='bbox 151 3915 225 3958; x_wconf 80' lang='lat' dir='ltr'>tendit</span> <span class='ocrx_word' id='word_1_233' title='bbox 243 3914 360 3968; x_wconf 77' lang='lat' dir='ltr'>prelatum</span> <span class='ocrx_word' id='word_1_234' title='bbox 380 3914 467 3959; x_wconf 79' lang='lat' dir='ltr'>habere</span> <span class='ocrx_word' id='word_1_235' title='bbox 478 3919 625 3970; x_wconf 78' lang='lat' dir='ltr'>potestatem.</span> <span class='ocrx_word' id='word_1_236' title='bbox 684 3925 716 3968; x_wconf 88' lang='lat'>¹7·</span> <span class='ocrx_word' id='word_1_237' title='bbox 734 3913 750 3956; x_wconf 80' lang='lat' dir='ltr'>ll</span> <span class='ocrx_word' id='word_1_238' title='bbox 765 3913 788 3957; x_wconf 87' lang='lat' dir='ltr'>iu</span> <span class='ocrx_word' id='word_1_239' title='bbox 805 3925 892 3968; x_wconf 60' lang='lat' dir='ltr'>maru:</span> <span class='ocrx_word' id='word_1_240' title='bbox 908 3913 977 3958; x_wconf 80' lang='lat' dir='ltr'>Nota.</span> <span class='ocrx_word' id='word_1_241' title='bbox 1033 3927 1069 3958; x_wconf 68' lang='grc' dir='ltr'>πο.</span> <span class='ocrx_word' id='word_1_242' title='bbox 1085 3916 1105 3957; x_wconf 81' lang='grc' dir='ltr'>Α</span> <span class='ocrx_word' id='word_1_243' title='bbox 1118 3914 1141 3958; x_wconf 87' lang='lat' dir='ltr'>in</span> 
     </span>
     <span class='ocr_line' id='line_1_34' title="bbox 151 3983 1140 4040; baseline 0 -13"><span class='ocrx_word' id='word_1_244' title='bbox 151 3995 238 4039; x_wconf 56' lang='lat' dir='ltr'>marm:</span> <span class='ocrx_word' id='word_1_245' title='bbox 262 3983 402 4028; x_wconf 68' lang='lat' dir='ltr'>,illustram</span> <span class='ocrx_word' id='word_1_246' title='bbox 420 3984 519 4028; x_wconf 74' lang='lat' dir='ltr'>sollicite</span> <span class='ocrx_word' id='word_1_247' title='bbox 538 3983 637 4028; x_wconf 79' lang='lat' dir='ltr'>ecclesie</span> <span class='ocrx_word' id='word_1_248' title='bbox 649 3989 684 4027; x_wconf 81' lang='lat' dir='ltr'>est</span> <span class='ocrx_word' id='word_1_249' title='bbox 697 3983 789 4026; x_wconf 75' lang='lat' dir='ltr'>honore</span> <span class='ocrx_word' id='word_1_250' title='bbox 807 3983 962 4040; x_wconf 58' lang='lat' dir='ltr'>depressimus.</span> <span class='ocrx_word' id='word_1_251' title='bbox 1028 3983 1065 4028; x_wconf 77' lang='lat'>28.</span> <span class='ocrx_word' id='word_1_252' title='bbox 1080 3985 1102 4028; x_wconf 80' lang='grc' dir='ltr'>Α</span> <span class='ocrx_word' id='word_1_253' title='bbox 1117 3984 1140 4027; x_wconf 91' lang='lat' dir='ltr'>in</span> 
     </span>
     <span class='ocr_line' id='line_1_35' title="bbox 151 4065 271 4108; baseline -0.025 -11"><span class='ocrx_word' id='word_1_254' title='bbox 151 4065 238 4108; x_wconf 58' lang='lat' dir='ltr'>merge</span> <span class='ocrx_word' id='word_1_255' title='bbox 253 4067 271 4096; x_wconf 76' lang='grc' dir='ltr'>ι.</span> 
     </span>
    </p>
   </div>
   <div class='ocr_carea' id='block_1_7' title="bbox 154 4159 1141 4473">
    <p class='ocr_par' dir='ltr' id='par_1_7' title="bbox 154 4159 1141 4399">
     <span class='ocr_line' id='line_1_36' title="bbox 208 4159 1139 4230; baseline 0.005 -20"><span class='ocrx_word' id='word_1_256' title='bbox 208 4159 244 4211; x_wconf 80' lang='lat'>16.</span> <span class='ocrx_word' id='word_1_257' title='bbox 274 4162 343 4226; x_wconf 83' lang='lat' dir='ltr'>Opp.</span> <span class='ocrx_word' id='word_1_258' title='bbox 371 4162 425 4224; x_wconf 80' lang='lat' dir='ltr'>(cd.</span> <span class='ocrx_word' id='word_1_259' title='bbox 453 4160 552 4226; x_wconf 80' lang='lat' dir='ltr'>llignc)</span> <span class='ocrx_word' id='word_1_260' title='bbox 582 4173 643 4212; x_wconf 89' lang='lat' dir='ltr'>tom.</span> <span class='ocrx_word' id='word_1_261' title='bbox 675 4163 692 4225; x_wconf 95' lang='lat' dir='ltr'>l,</span> <span class='ocrx_word' id='word_1_262' title='bbox 720 4161 780 4227; x_wconf 83' lang='lat'>830,</span> <span class='ocrx_word' id='word_1_263' title='bbox 809 4175 868 4230; x_wconf 78' lang='lat'>931,</span> <span class='ocrx_word' id='word_1_264' title='bbox 897 4162 929 4214; x_wconf 86' lang='lat' dir='ltr'>cf.</span> <span class='ocrx_word' id='word_1_265' title='bbox 958 4173 983 4212; x_wconf 86' lang='lat' dir='ltr'>ct</span> <span class='ocrx_word' id='word_1_266' title='bbox 1011 4163 1051 4230; x_wconf 77' lang='lat' dir='ltr'>lx,</span> <span class='ocrx_word' id='word_1_267' title='bbox 1083 4164 1139 4214; x_wconf 72' lang='lat'>205.</span> 
     </span>
     <span class='ocr_line' id='line_1_37' title="bbox 156 4247 1141 4317; baseline 0 -19"><span class='ocrx_word' id='word_1_268' title='bbox 156 4263 193 4313; x_wconf 85' lang='lat'>17.</span> <span class='ocrx_word' id='word_1_269' title='bbox 226 4247 267 4298; x_wconf 87' lang='lat' dir='ltr'>Cl.</span> <span class='ocrx_word' id='word_1_270' title='bbox 298 4247 485 4315; x_wconf 83' lang='lat' dir='ltr'>Chrysostom:</span> <span class='ocrx_word' id='word_1_271' title='bbox 515 4249 540 4297; x_wconf 87' lang='lat' dir='ltr'>in</span> <span class='ocrx_word' id='word_1_272' title='bbox 577 4265 618 4316; x_wconf 89' lang='lat' dir='ltr'>ep.</span> <span class='ocrx_word' id='word_1_273' title='bbox 652 4251 692 4300; x_wconf 76' lang='lat' dir='ltr'>ad.</span> <span class='ocrx_word' id='word_1_274' title='bbox 727 4249 778 4300; x_wconf 89' lang='lat' dir='ltr'>Tit.</span> <span class='ocrx_word' id='word_1_275' title='bbox 811 4265 867 4316; x_wconf 90' lang='lat' dir='ltr'>cap.</span> <span class='ocrx_word' id='word_1_276' title='bbox 896 4249 914 4317; x_wconf 77' lang='lat' dir='ltr'>l,</span> <span class='ocrx_word' id='word_1_277' title='bbox 947 4251 1026 4300; x_wconf 86' lang='lat' dir='ltr'>Hom.</span> <span class='ocrx_word' id='word_1_278' title='bbox 1062 4250 1081 4298; x_wconf 96' lang='lat' dir='ltr'>ll</span> <span class='ocrx_word' id='word_1_279' title='bbox 1116 4259 1141 4299; x_wconf 85' lang='lat' dir='ltr'>et</span> 
     </span>
     <span class='ocr_line' id='line_1_38' title="bbox 154 4335 325 4399; baseline 0.006 -15"><span class='ocrx_word' id='word_1_280' title='bbox 154 4350 233 4399; x_wconf 73' lang='lat' dir='ltr'>saepe</span> <span class='ocrx_word' id='word_1_281' title='bbox 253 4335 325 4385; x_wconf 77' lang='lat' dir='ltr'>alias.</span> 
     </span>
    </p>

    <p class='ocr_par' dir='ltr' id='par_1_8' title="bbox 203 4422 1036 4473">
     <span class='ocr_line' id='line_1_39' title="bbox 203 4422 1036 4473; baseline 0.008 -7"><span class='ocrx_word' id='word_1_282' title='bbox 203 4426 438 4472; x_wconf 64' lang='lat' dir='ltr'>paroemiarum.</span> <span class='ocrx_word' id='word_1_283' title='bbox 1023 4422 1036 4473; x_wconf 80' lang='lat'>5</span> 
     </span>
    </p>
   </div>
   <div class='ocr_carea' id='block_1_8' title="bbox 0 0 1508 5026">
    <p class='ocr_par' dir='ltr' id='par_1_9' title="bbox 0 0 1508 5026">
     <span class='ocr_line' id='line_1_40' title="bbox 0 0 1508 5026; baseline 0 0"><span class='ocrx_word' id='word_1_284' title='bbox 0 0 1508 5026; x_wconf 95' lang='lat' dir='ltr'> </span> 
     </span>
    </p>
   </div>
  </div>
 </body>
</html>
