3008 5026
717 409 886 460 sommus
906 409 1046 460 wrcen
1257 390 1340 477 [cnr.
1355 405 1383 449 ιι.

393 570 423 627 et
454 566 638 645 vivificavit
660 568 791 630 dicens:
823 566 965 641 Lazare,
997 569 1073 630 veni
1095 566 1204 647 foras
1236 572 1266 629 et
1287 572 1382 648 post-

393 671 535 733 modum
559 673 599 748 lc,
621 673 680 752 qui
702 673 798 735 vivus
811 671 943 751 fuerat,
976 684 1133 752 egressus
1155 690 1179 734 a
1202 672 1384 753 discipulis

393 780 440 838 est
462 777 601 841 solutus,
624 775 672 839 Et
692 785 795 858 patet
815 797 893 839 cum
911 795 1016 839 cursu
1032 776 1184 839 ecclesie
1200 777 1381 859 quomodo

393 879 503 942 maior
525 899 608 962 pars
633 880 785 945 ecclesie
808 891 878 945 tam
902 882 938 944 in
961 881 1039 944 foro
1056 881 1261 964 penitencie
1278 900 1382 963 quam

392 983 477 1047 iuris
502 994 599 1048 caret
621 995 802 1067 potestate
825 985 955 1050 iudicii.
1396 998 1410 1046 5

437 1087 671 1152 Confirmatur
685 1092 843 1154 secundo
861 1110 908 1153 ex
922 1090 991 1153 hoc
1007 1091 1104 1172 quod
1118 1099 1282 1173 potestas
1302 1089 1381 1152 talis

393 1212 472 1255 cum
496 1193 615 1258 dativo
639 1214 658 1257 a
679 1195 762 1258 Deo
787 1195 830 1257 ad
854 1204 924 1257 tam
941 1196 1123 1258 excellens
1140 1194 1381 1267 ministerium,

393 1307 450 1361 est
465 1299 642 1380 quoddam
658 1298 837 1381 singulare
848 1297 1084 1383 privilegium.
1101 1297 1174 1363 Sed
1185 1299 1382 1361 secundum

392 1403 535 1465 beatum
560 1401 774 1488 Gregorium
807 1402 954 1465 ibidem:
982 1404 1209 1484 privilegium
1241 1405 1382 1465 omnino

392 1513 544 1570 meretur
567 1509 724 1570 amittere
755 1510 813 1589 qni
841 1508 1019 1590 permissa
1043 1508 1109 1570 sibi
1139 1509 1293 1570 amititur
1319 1526 1429 1588 poro

391 1616 514 1676 testate.
554 1609 641 1674 Cum
672 1611 782 1693 igitur
814 1611 964 1694 quilibet
995 1619 1202 1694 potentatus
1227 1609 1382 1673 abutitur

392 1735 455 1778 sua
486 1725 677 1798 potestate,
710 1717 792 1779 dum
824 1717 916 1779 illam
950 1715 1154 1779 exercuerit
1176 1715 1211 1777 in
1233 1715 1381 1795 mortali,

391 1820 534 1883 videtur
557 1821 654 1903 quod
674 1831 831 1885 meretur
847 1830 1065 1904 potestatem
1085 1822 1191 1883 talem
1208 1819 1379 1893 amittere,

392 1933 429 1988 et
463 1944 541 1987 curn
564 1926 665 1988 Deus
698 1925 758 2008 qui
791 1928 851 1989 dat
881 1925 1137 1989 insensibiliter
1163 1933 1380 2008 potestatem

391 2049 463 2092 non
495 2030 613 2093 defert
645 2031 806 2094 meritum
831 2031 908 2094 sive
932 2031 1086 2113 dignum,
1119 2029 1261 2092 videtur
1284 2030 1381 2111 quod
1395 2043 1426 2092 15

392 2153 436 2196 eo
460 2132 539 2216 ipso
563 2136 664 2197 Deus
689 2135 803 2199 aufert
826 2137 869 2197 ab
893 2135 1036 2198 homine
1059 2143 1288 2218 potestatem.

434 2238 534 2320 Item,
568 2239 669 2302 Deus
701 2247 825 2321 potest
856 2241 996 2303 auferre
1027 2239 1209 2303 licenciam
1231 2240 1290 2301 vel
1318 2258 1380 2320 po-

390 2352 557 2406 testatem
596 2345 638 2406 ab
677 2344 818 2407 homine
851 2364 918 2427 pro
953 2345 1096 2414 delicto,
1136 2344 1200 2407 sed
1238 2343 1380 2425 quando

391 2447 548 2512 auferret
579 2449 766 2531 graciosus
799 2450 960 2512 dominus
992 2450 1022 2512 si
1055 2469 1127 2512 non
1160 2449 1302 2531 quando
1341 2467 1380 2510 se

390 2552 507 2634 Ipsum
539 2554 768 2637 dampnificat
801 2574 867 2636 per
905 2557 1051 2618 abusum
1091 2555 1136 2617 ad
1174 2555 1271 2636 quod
1309 2573 1381 2616 non
1393 2579 1427 2614 ιο

390 2657 499 2719 habet
529 2658 731 2721 licenciam?
764 2659 846 2722 ideo
881 2680 958 2722 cum
991 2679 1095 2722 nemo
1129 2667 1251 2741 potest
1284 2658 1382 2721 abuti

390 2761 452 2824 tali
475 2763 622 2826 licencia
645 2783 712 2826 nec
735 2764 879 2835 virtute,
905 2765 1046 2828 videtur
1070 2765 1167 2847 quod
1184 2762 1380 2844 Gregorius

391 2866 584 2949 equivocat
606 2870 769 2932 vocando
792 2879 1019 2951 potestatem,
1042 2888 1153 2952 posse
1173 2868 1233 2930 vel
1256 2877 1380 2950 poten·

391 2971 478 3033 ciam
512 2983 570 3037 aut
601 2973 750 3038 liberum
783 2974 972 3054 arbitrium,
1005 2984 1041 3037 et
1074 2974 1158 3037 alias
1182 2981 1288 3036 vocat
1310 2992 1379 3054 po-

390 3085 560 3139 testatem
586 3079 746 3141 amissam
768 3080 883 3161 ipsam
906 3078 1098 3142 licenciam.
1392 3086 1424 3135 25

190 3197 363 3292 nnhouprne
434 3181 480 3243 Et
512 3181 604 3244 idem
636 3183 778 3246 videtur
811 3204 859 3246 ex
887 3185 1034 3246 decreto
1062 3183 1158 3246 beati
1188 3181 1381 3266 Augustini

201 3250 273 3293 wicke
306 3250 355 3292 lose

182 3302 368 3413 ripffipoeffiy
391 3285 511 3367 posito
529 3285 672 3369 XXIV,
697 3309 729 3370 q.
744 3289 867 3370 prima,
890 3289 952 3350 ubi
968 3287 1055 3351 dicit
1068 3306 1187 3351 omnes
1208 3288 1379 3360 hereticos

188 3406 256 3467 ριριιι
270 3407 373 3466 syrien
391 3392 429 3451 id
464 3395 520 3468 est,
547 3397 686 3472 peccato
718 3396 858 3457 mortali
890 3395 933 3455 ab
965 3394 1102 3455 ecclesia
1136 3393 1275 3472 divisoS,
1314 3411 1380 3454 non

186 3465 366 3502 mnntrmons.
390 3495 512 3557 habere
543 3496 677 3575 aliquid
702 3499 891 3578 potestatis.
931 3495 1004 3561 Sed
1027 3496 1220 3559 notandum
1244 3504 1309 3576 est,
1342 3505 1381 3559 ut

392 3599 475 3661 alias
492 3600 679 3681 declaravi,
704 3602 802 3683 quod
819 3621 911 3684 opus
930 3600 1078 3664 heretici
1094 3599 1246 3663 vertitur
1262 3599 1380 3682 dignis
1391 3608 1425 3660 30

392 3703 436 3764 ad
474 3705 705 3786 commodum,
745 3705 837 3768 sicut
871 3704 971 3767 Deus
1010 3724 1076 3787 per
1114 3724 1153 3766 se
1192 3702 1378 3787 suppleti

391 3808 534 3890 quando
558 3808 734 3890 prepositi
758 3809 1056 3873 excommunicati
1079 3829 1100 3871 a
1122 3807 1203 3870 Deo
1227 3806 1379 3871 subditis
1413 3812 1472 3880 171⁸

391 3912 464 3975 suis
488 3911 667 3975 deficiunt.

444 4146 481 4191 29.
496 4137 517 4178 A
533 4135 555 4178 in
572 4147 658 4190 rnrrg.:
673 4135 744 4178 Nota.

442 4275 466 4326 9.
487 4259 549 4309 lbid.
569 4274 625 4324 cap.
647 4260 735 4311 LXlll.
809 4276 849 4325 27.
869 4262 969 4311 Decreti
984 4262 1099 4311 secunda
1113 4275 1181 4327 pars,
1197 4274 1275 4309 causa
1288 4259 1380 4325 XXIV,

391 4363 418 4414 q.
437 4347 454 4410 l,
474 4362 529 4413 cap.
548 4348 638 4397 xxxl.
659 4346 822 4402 Didicimus
