3008 5026
174 898 304 994 Perplexity
319 899 342 941 in

184 950 328 1066 ‚stlte

177 1054 341 1151 ttttrttt

183 2757 234 2802 The
248 2757 308 2811 right
322 2765 346 2800 io

197 2813 246 2855 rule
260 2811 280 2853 is
295 2817 335 2853 not

204 2862 324 2907 incrensed

224 2916 321 2958 because

695 397 864 450 soniturus
883 395 1023 448 wrcen
1230 370 1313 462 [ean.
1329 384 1360 432 x.

373 562 540 639 peratore
572 564 746 637 querente
778 557 822 618 ab
857 553 922 617 eis:
955 553 986 616 si
1017 551 1086 634 ipsi
1117 550 1154 613 in
1181 553 1360 631 potestate,

373 660 539 742 dignitate
555 661 605 722 vel
618 661 778 741 primatu
793 659 906 739 quood
927 657 1039 721 Deum
1060 655 1219 719 excedunt
1241 672 1362 716 omnes

373 766 537 828 mortales
569 764 657 827 alios
687 765 761 826 iam
794 763 946 840 viventes,
979 767 1124 842 oportet
1147 757 1245 842 ipsos
1272 756 1361 819 illud

374 868 583 944 concedere,
612 866 693 951 quia
721 866 829 944 aliter,
858 875 898 930 ut
918 864 1091 949 inquiunt,
1119 882 1224 926 nemo
1249 862 1361 925 debet

373 974 521 1035 credere
553 972 651 1055 quod
683 980 766 1035 sunt
796 991 902 1054 pape,
942 979 978 1033 et
1010 989 1089 1031 cum
1120 989 1141 1030 a
1172 967 1254 1029 Deo
1287 982 1386 1031 nont

372 1077 507 1139 habent
533 1075 625 1138 illam
648 1074 956 1158 preeminenciam,
985 1083 1023 1136 ut
1045 1080 1146 1156 patet
1174 1091 1220 1133 ex
1244 1069 1361 1145 dictis,

373 1200 440 1243 nec
471 1183 598 1244 beatus
631 1179 760 1243 Petrus
791 1178 878 1242 illud
911 1179 1137 1253 concederet,
1175 1182 1273 1258 patet
1307 1173 1361 1235 eis

375 1284 642 1348 concedendum
675 1284 773 1367 quod
803 1283 874 1346 hoc
897 1284 1030 1346 habent
1058 1300 1231 1344 acesare.
1270 1277 1362 1341 Nam

374 1391 502 1453 beatus
518 1388 648 1452 Paulus
664 1387 763 1451 Petri
780 1386 899 1451 socius
916 1386 1103 1450 confessus
1119 1384 1185 1447 fuit
1207 1381 1363 1446 fideliter

373 1492 486 1576 prima
517 1492 598 1556 Cor.
631 1491 715 1569 XV,
748 1514 783 1572 9:
815 1491 898 1574 Ego,
929 1491 1053 1575 inquit,
1084 1509 1163 1555 sum
1195 1489 1363 1551 minimus
1378 1520 1407 1551 ιο

374 1600 615 1680 apostolorum,
638 1599 696 1678 qui
719 1616 785 1660 non
806 1617 884 1660 sum
901 1597 1027 1678 dignus
1045 1595 1163 1658 uocari
1179 1592 1362 1677 apostolus.

375 1701 494 1784 Quare
517 1701 625 1783 igitur
648 1702 699 1766 sic
723 1721 794 1765 non
817 1701 1045 1784 profiteretur
1065 1699 1250 1762 Romanus
1273 1716 1362 1779 pon·

374 1806 475 1884 tifex,
499 1806 529 1870 si
550 1805 742 1889 imperialis
759 1804 912 1889 dignitas
936 1825 1008 1867 non
1032 1804 1213 1867 obstaret?
1240 1800 1288 1864 Et
1311 1800 1363 1863 sic

375 1910 581 1974 necessitati
613 1911 755 1974 videtur
788 1930 833 1973 ex
867 1909 1055 1973 dotacione
1079 1917 1148 1971 tam
1172 1907 1365 1987 imperator

375 2035 478 2098 quam
502 2035 587 2079 suus
611 2015 805 2098 episcopus
828 2013 963 2077 involvi
985 2011 1212 2076 blasfemiam.
1240 2009 1288 2072 Et
1311 2009 1407 2075 si015

375 2139 499 2182 verum
523 2120 745 2182 concluditur
767 2119 866 2201 quod
882 2138 902 2181 a
916 2119 997 2182 Deo
1013 2116 1214 2179 immediate
1239 2122 1275 2176 et
1291 2133 1365 2176 non

376 2244 395 2286 a
418 2237 541 2289 natura
562 2225 712 2287 humana
734 2243 829 2307 papa
850 2225 960 2286 habet
980 2222 1234 2285 excellenciam
1251 2218 1366 2299 digni-

376 2329 468 2405 tatis,
493 2329 556 2391 sed
580 2337 726 2410 oportet
749 2327 847 2410 quod
870 2335 1046 2391 mereatur
1069 2325 1161 2388 illam
1186 2323 1363 2387 excellen-

379 2433 466 2496 ciam
490 2431 672 2513 dignitatis
695 2432 872 2495 humiliter
895 2430 971 2495 sine
995 2450 1136 2514 pompa.
1169 2428 1215 2490 Et
1237 2447 1366 2490 revera

376 2558 448 2600 non
481 2546 536 2600 est
567 2537 719 2601 medium
742 2536 902 2600 merendi
929 2536 1041 2619 ipsam
1065 2534 1228 2618 accipere
1253 2531 1412 2614 digni-20

378 2650 486 2705 tatem
509 2644 615 2705 talem
639 2661 828 2712 cesaream.

422 2745 599 2826 Quantum
621 2747 667 2809 ad
690 2749 883 2811 secundum
911 2755 1048 2829 partem
1076 2743 1230 2826 argucie,
1264 2749 1366 2824 patet

378 2851 475 2932 quod
507 2869 579 2912 non
611 2858 666 2913 est
697 2853 795 2914 color
828 2851 858 2914 si
888 2871 1000 2935 regna
1023 2851 1080 2912 vel
1104 2866 1259 2932 persone
1284 2848 1365 2909 sub·

162 2965 263 3020 tubicen
276 2965 364 3010 suumn
378 2953 519 3017 mittunt
535 2974 574 3017 se
589 2955 787 3037 improvide
804 2954 1035 3031 Antichristo,
1057 2953 1153 3037 quod
1169 2958 1367 3034 propterea

223 3020 309 3075 rushly.

378 3057 563 3139 ampliatur
592 3058 629 3120 in
661 3078 704 3121 eo
737 3067 899 3141 potestas
932 3059 991 3121 vel
1022 3055 1241 3135 iurisdiccio;
1278 3073 1364 3138 ymo
1378 3068 1409 3118 25

379 3162 555 3244 dyabolus
587 3171 734 3245 negaret
764 3163 867 3226 istam
900 3161 1087 3245 arguciam,
1120 3180 1198 3223 cum
1225 3159 1287 3223 filii
1310 3159 1366 3222 sui

380 3265 532 3330 subiecti
553 3286 621 3348 per
643 3276 829 3348 peccatum
854 3287 926 3330 non
949 3276 1080 3349 augent
1108 3266 1144 3329 in
1168 3286 1211 3329 eo
1234 3272 1365 3348 poten·

380 3370 477 3448 ciam,
502 3391 545 3434 eo
570 3370 666 3453 quod
689 3379 758 3433 tam
781 3371 860 3453 ipse
884 3392 989 3454 quam
1010 3371 1125 3434 fidelis
1149 3370 1367 3433 concederet

380 3476 476 3557 quod
500 3494 571 3538 non
595 3474 689 3555 capit
712 3485 928 3558 potestatem
945 3496 1042 3539 suam
1059 3478 1102 3538 ab
1118 3473 1364 3558 indignissimo

379 3598 486 3641 servo
510 3599 585 3656 suo,
609 3581 674 3642 sed
697 3581 803 3643 habet
826 3581 939 3663 ipsam
961 3584 1004 3643 ab
1020 3580 1125 3644 inicio
1142 3600 1162 3643 a
1177 3582 1255 3643 solo
1270 3580 1410 3643 Deo.30

379 3683 460 3747 Non
498 3683 606 3767 igitur
644 3705 691 3747 ex
724 3685 960 3749 submissione
993 3685 1053 3749 tali
1085 3688 1233 3749 docetur
1267 3685 1365 3766 quod

379 3808 475 3871 papa
496 3789 604 3852 habet
636 3809 655 3850 a
687 3789 767 3852 Deo
794 3792 850 3853 vel
878 3791 1018 3854 homine
1042 3787 1363 3873 preeminenciami

380 3891 574 3973 aliqualem,
607 3894 672 3956 sed
702 3893 829 3976 pocius
863 3915 941 3958 curn
975 3895 1088 3957 omnis
1120 3897 1276 3978 populus
1306 3897 1366 3957 vel
1397 3904 1462 3954 218⁴

379 3994 614 4061 involuntarie
637 3997 689 4061 sic
712 3999 780 4062 sibi
808 4000 981 4064 subicitur
1002 4000 1061 4063 vel
1085 4019 1157 4063 non
1181 4001 1290 4064 debet
1313 4000 1366 4063 sic

381 4100 448 4162 sibi
471 4101 594 4179 subici,
619 4102 805 4167 evidenter
820 4104 980 4188 sequitur
997 4125 1043 4167 ex
1059 4103 1120 4167 tali
1136 4102 1365 4167 subieccione
1378 4113 1409 4166 35

380 4205 550 4269 blasfema
583 4208 744 4272 carencia
775 4208 966 4291 dignitatis.
1013 4208 1119 4272 Unde
1151 4229 1223 4273 non
1256 4208 1364 4273 video

381 4310 560 4392 quomodo
570 4323 801 4396 papaposset
814 4314 999 4396 patencius
1010 4333 1177 4378 accusare
1194 4332 1233 4376 se
1248 4313 1366 4397 ipsum
