2940 5032
137 389 198 448 ²90
679 383 849 434 sonamus
869 381 1007 433 wvcmr
1202 363 1284 451 [cir.
1300 378 1338 423 n.

161 556 310 653 „iiiiii'fi
351 549 527 623 tamquam
558 540 650 623 layci
684 541 849 626 legentes
881 540 1000 603 literas
1028 558 1172 622 quarum
1196 558 1339 602 sensum

183 662 237 707 rue·
251 662 296 705 ina
351 645 537 725 nescimus,
570 645 672 708 nimis
696 645 940 728 appreciamur
964 643 1171 707 cerimonias
1199 652 1237 706 et
1260 664 1338 707 sen·

139 714 185 759 ana
201 721 335 759 vestmenrs.
352 749 466 813 sibilia
496 750 697 814 humanitus
730 749 893 813 instituta
926 759 965 814 ut
987 751 1068 832 plus
1099 750 1338 832 ponderamus

352 855 450 937 quod
474 856 551 918 alba
582 855 778 918 sacerdotis
806 854 936 937 anglici
958 856 1090 918 habeat
1120 853 1157 916 in
1191 852 1340 916 sinistris

351 959 507 1023 humeris
550 959 771 1023 biffurcatam
814 960 1032 1038 varietatem,
1077 956 1361 1040 superinfictam5

353 1065 546 1127 secundum
578 1064 725 1126 formam
747 1064 949 1128 humanitus
973 1063 1205 1144 adinventam,
1237 1080 1339 1143 quam

353 1167 599 1251 appreciamur
635 1169 786 1251 primum
823 1169 1023 1233 mandatum
1063 1166 1235 1249 decalogi.
1278 1163 1340 1227 Illa

353 1273 445 1335 enim
482 1273 600 1355 signat
632 1273 843 1336 divisionem
876 1274 1070 1356 Anglorum
1102 1291 1123 1334 a
1154 1270 1225 1333 fide
1256 1276 1340 1352 post

352 1377 519 1441 Britones
557 1397 670 1460 usque
704 1379 747 1441 ad
780 1387 921 1461 tempus
955 1377 1132 1460 Gregorii,
1172 1394 1243 1457 quo
1275 1393 1340 1456 per

354 1481 430 1545 eius
447 1481 643 1564 discipulos
660 1490 743 1545 sunt
759 1481 933 1547 conversi.
958 1481 1004 1546 Et
1019 1500 1145 1544 revera
1160 1479 1228 1542 iste
1252 1478 1339 1542 ritus
1353 1504 1379 1537 ιο

352 1586 462 1650 debet
485 1584 701 1669 generaliter
722 1586 758 1648 in
782 1586 945 1649 omnibus
970 1583 1169 1649 christianis
1193 1583 1284 1647 trahi
1304 1583 1340 1645 in

353 1712 586 1771 communem;
604 1691 671 1754 alie
682 1690 849 1754 naciones
860 1711 974 1774 usque
985 1691 1030 1754 ad
1041 1691 1243 1754 Romanum
1254 1707 1339 1771 pon·

351 1795 482 1860 tificem
502 1797 637 1859 debent
656 1794 765 1858 instar
785 1795 910 1859 ribaldi
926 1795 1140 1859 vestimenta
1150 1792 1338 1857 christiani·

352 1900 434 1965 tatis
456 1921 584 1986 gerere
609 1920 688 1963 cum
711 1901 850 1980 labe110,
874 1909 913 1964 ut
937 1901 967 1964 si
988 1901 1057 1964 iste
1073 1919 1169 1983 papa
1192 1901 1339 1963 haberet

351 2017 407 2070 tot
444 2005 690 2069 commissuras
721 2005 758 2068 in
795 2005 968 2088 vestibus,
1006 2005 1178 2089 quociens
1217 2003 1338 2086 aliquis
1353 2011 1376 2060 15

351 2130 445 2193 papa
466 2132 487 2174 a
508 2110 580 2173 fide
605 2109 782 2192 ceciderit,
805 2109 885 2192 ipse
908 2111 1002 2174 forte
1019 2119 1165 2194 gereret
1187 2109 1339 2172 tunicam

351 2216 512 2299 pictaciis
544 2225 726 2280 consutam
751 2227 788 2278 et
821 2235 892 2279 non
915 2216 1068 2280 tunicam
1090 2213 1338 2278 inconsutilem

351 2320 458 2384 Ihesu
480 2321 604 2386 nostri.
638 2320 685 2385 Et
709 2321 760 2384 sic
792 2329 895 2403 patet
918 2321 1053 2384 falsitas
1076 2318 1246 2403 insignis
1270 2317 1337 2400 epi·

353 2424 555 2508 scopalibus
579 2424 801 2489 introductis.

179 2542 241 2586 Now
254 2546 293 2587 tle
394 2529 500 2593 Unde
516 2531 664 2593 baculus
676 2529 797 2612 signat
807 2528 961 2611 pastoris
974 2529 1129 2593 officium
1146 2529 1189 2592 ad
1205 2528 1336 2591 minan·
1348 2547 1376 2582 20

143 2594 290 2650 significante
304 2596 330 2638 ot

137 2648 342 2746 alotrlpassiesffir’·
352 2636 434 2698 dum
467 2645 505 2699 et
543 2635 905 2718 conprehendendum
945 2654 1033 2699 oves
1072 2633 1263 2713 morbidas,
1301 2640 1338 2695 ut

146 2755 166 2797 u
181 2755 284 2805 clanges
299 2760 323 2797 to
352 2749 528 2814 sanentur,
552 2741 618 2803 sed
642 2749 833 2823 postquam
858 2760 991 2804 corona
1012 2740 1131 2804 baculi
1154 2759 1262 2803 versa
1284 2749 1337 2802 est

211 2808 264 2851 ‘vn'
350 2843 386 2906 in
419 2864 540 2908 aurum
571 2844 775 2929 preciosum
795 2842 800 2929 Ι
822 2852 858 2907 et
889 2844 1057 2927 frigidum
1087 2844 1277 2908 formasset
1302 2845 1335 2906 in
1365 2845 1414 2896 233‘

349 2947 497 3032 figuram
530 2949 754 3013 artificiosam
787 2948 1054 3012 adinvencionis
1084 2951 1247 3029 humane,
1281 2950 1335 3012 de·

350 3053 516 3135 dignatur
548 3064 672 3137 pastor
704 3074 869 3118 cesareus
901 3054 1160 3136 refrigescente
1193 3055 1374 3118 caritate25

350 3178 468 3222 curam
491 3159 723 3242 apostolicam
740 3159 868 3223 ovibus
885 3158 1015 3223 Christi
1031 3160 1250 3242 impendere,
1273 3160 1337 3222 sed

348 3263 384 3327 in
408 3263 605 3326 subtilitate
629 3262 798 3326 secularis
823 3262 932 3326 officii
955 3262 1138 3346 sigillatur.

159 3380 210 3424 The
225 3378 306 3425 cross.
392 3368 439 3430 Et
448 3368 500 3430 sic
511 3368 661 3431 sentitur
672 3369 717 3431 de
728 3386 842 3444 cruce,
858 3387 924 3450 per
934 3387 1038 3450 quam
1050 3368 1197 3450 sequela
1209 3365 1336 3431 Christi

348 3472 384 3535 in
417 3472 583 3555 passione
617 3473 741 3536 saltem
771 3471 884 3535 carnis
918 3471 1157 3535 crucifixionis
1185 3481 1336 3549 notatur,

348 3575 543 3660 prepositis
576 3577 726 3640 cesareis
761 3597 902 3640 auream
940 3596 1079 3640 crucem
1115 3576 1336 3656 habentibus,
1347 3579 1374 3630 30

349 3681 494 3762 laucius,
528 3681 770 3764 sumptuosius
803 3690 839 3744 et
863 3681 1057 3745 studiosius
1086 3701 1191 3744 carne
1214 3680 1335 3763 pastis.

171 3799 302 3855 rreum.
350 3786 565 3850 Preciositas
603 3806 690 3850 vero
738 3787 833 3850 anuli
876 3786 973 3849 aurei
1009 3787 1224 3869 ingeminata
1266 3804 1335 3848 non

351 3891 468 3973 signat
490 3910 575 3953 vere
600 3891 921 3975 desponsacionem
945 3890 1074 3973 prelati
1098 3910 1177 3953 cum
1200 3907 1334 3972 sponso

350 3995 503 4058 ecclesie
527 4003 587 4058 aut
608 3994 737 4061 Christi
753 3995 891 4077 ovibus,
915 3996 980 4059 sed
996 3994 1241 4059 affidacionem
1258 4012 1334 4057 cum

403 4282 435 4316 12.
453 4269 541 4315 Codd.:
560 4284 690 4317 comanam.
747 4284 784 4316 ro.
804 4275 825 4316 Α
845 4273 869 4317 in
889 4285 976 4329 marg:
997 4273 1105 4317 Baculus.
1162 4272 1199 4317 28.
1215 4273 1291 4316 Codd.
1311 4273 1333 4315 in

349 4353 435 4395 marg:
452 4340 516 4385 Crux
529 4345 697 4397 episcoporum.
752 4342 790 4387 32.
807 4342 882 4387 Codd.
899 4345 922 4387 in
938 4356 1024 4399 marg:
1040 4344 1135 4387 Anulus.
