3008 5026
648 379 819 433 JOHANNJS
838 381 978 432 wreus·
1186 359 1268 448 [car.
1283 373 1314 417 x.

323 539 393 603 Hic
415 549 532 600 autem
556 557 652 620 papa
675 547 711 599 et
736 538 930 602 cardinales
960 537 1136 600 diffiniunt
1160 535 1314 599 domina·

323 643 398 707 tive
431 649 598 724 quantum
631 642 675 703 de
707 643 849 706 redditu
878 643 1018 705 annuali
1054 642 1089 704 in
1123 640 1315 704 animarum

325 748 520 832 periculum
543 767 637 829 papa
661 748 737 810 vult
759 748 892 809 habere
917 749 961 810 de
984 745 1126 829 Anglia.
1152 743 1235 822 Ista,
1260 745 1315 807 in·

325 872 439 935 quam,
471 870 543 914 non
576 861 632 913 est
659 871 730 914 vox
763 852 902 932 egentis
927 853 991 914 sed
1018 849 1196 913 exactoris
1219 854 1317 913 bona

325 976 523 1042 pauperum
533 955 670 1039 rapinal
684 959 834 1021 subdola
849 956 1100 1020 subtrahentis
1118 955 1204 1019 Cum
1222 954 1316 1017 enim
1347 963 1408 1022 2¹7²

326 1082 420 1146 papa
444 1069 525 1124 ante
542 1060 766 1125 dotacionem
785 1063 935 1126 ecclesie
953 1061 1029 1124 sine
1045 1060 1105 1124 tali
1122 1059 1317 1124 elemosina

327 1167 450 1230 melius
484 1165 646 1229 exercuit
687 1168 815 1248 papale
849 1166 1004 1228 officium
1040 1175 1077 1229 et
1108 1176 1193 1247 post
1217 1165 1316 1227 dota·

329 1271 467 1336 cionem
500 1271 543 1333 ad
567 1271 724 1333 valorem
757 1271 963 1352 multiplicis
994 1269 1098 1351 regni
1129 1267 1242 1332 nostri
1271 1268 1318 1332 sit

327 1375 440 1459 magis
465 1374 615 1457 cupidus
639 1385 675 1439 et
691 1375 726 1438 in
743 1376 912 1458 operibus
929 1378 1009 1457 plus
1025 1374 1206 1451 remissus,
1230 1393 1315 1456 pro·

327 1479 446 1546 babile
470 1489 525 1542 est
549 1480 644 1562 quod
666 1481 748 1563 plus
765 1479 956 1544 elemosine
973 1479 1085 1562 magis
1101 1479 1318 1542 accenderet
1332 1500 1362 1532 10

330 1585 406 1648 eius
439 1583 651 1666 cupidinem,
684 1593 722 1647 ut
755 1584 828 1648 dixi
860 1584 1024 1667 superius
1050 1603 1096 1646 ex
1120 1582 1317 1647 Salamonis

127 1700 305 1796 ,filiiflil‘is
330 1689 511 1754 sentencia
534 1688 773 1753 Ecclesiastes
795 1688 840 1754 V.
879 1687 940 1753 Sic
964 1689 1056 1752 enim
1085 1687 1259 1770 contingit
1281 1687 1317 1750 in

140 1804 297 1850 endowment·
330 1793 405 1857 aliis
420 1792 541 1878 regnis
558 1793 672 1858 nostri
687 1795 869 1876 temporis,
890 1814 980 1877 quos
999 1794 1165 1857 dotarunt
1176 1791 1318 1869 domini,

331 1909 370 1963 ut
402 1897 562 1982 quiecins
596 1900 817 1981 complerent
859 1898 1066 1982 episcopale
1094 1897 1248 1961 officium
1283 1905 1319 1959 et

330 2003 444 2066 minus
468 2001 632 2065 subditos
649 2013 847 2081 onerarent,
871 2005 906 2067 in
922 2025 1004 2087 qu0,
1021 2003 1104 2087 quia
1124 2002 1317 2083 derelique·
1335 2006 1363 2057 ιδ

331 2116 412 2171 runt
429 2106 560 2171 Christi
574 2108 743 2190 regulam,
761 2108 797 2170 in
813 2117 891 2172 toto
910 2107 1086 2191 contingit
1102 2105 1318 2189 oppositum.

332 2211 423 2277 Sunt
456 2212 547 2274 enim
578 2212 615 2275 in
637 2212 908 2277 visitacionibus
932 2215 1012 2295 plus
1041 2211 1172 2294 cupidi,
1204 2211 1319 2274 minus

331 2318 562 2382 intendentes
586 2317 759 2401 spirituali
781 2317 962 2400 profectui
994 2326 1030 2381 et
1062 2320 1143 2400 plus
1167 2315 1320 2380 subditis

333 2421 486 2497 onerosi,
501 2421 537 2485 in
553 2431 687 2486 tantum
698 2424 805 2505 quod,
822 2431 861 2485 ut
872 2423 1012 2505 experti
1022 2422 1190 2497 referunt,
1208 2418 1319 2483 multi·

333 2527 420 2589 tudo
444 2525 683 2591 ministrorum
707 2527 869 2610 episcopi
894 2527 1054 2590 excoriat
1069 2545 1258 2608 pauperes,
1283 2531 1367 2586 ut20

335 2630 499 2714 scriptor,
511 2630 692 2713 sigillator,
702 2632 931 2696 barbitonsor
948 2641 985 2695 et
1001 2631 1112 2694 ceteri
1127 2631 1322 2695 secundum

335 2734 532 2816 superfluas
557 2735 766 2800 cerimonias
789 2736 990 2800 introducti

133 2844 316 2940 rhemphan
379 2838 479 2918 Item,
511 2842 730 2922 querendum
763 2852 817 2904 est
841 2861 911 2925 quo
935 2841 1011 2904 iure
1039 2861 1133 2923 papa
1155 2838 1322 2903 vendicat

140 2904 304 3006 eiiciinini'y
336 2964 491 3027 aregno
516 2945 647 3028 Anglie
670 2954 740 3008 tam
763 2945 985 3009 dominanter
1008 2944 1218 3018 subsidium;
1250 2962 1323 3006 non

125 3001 412 3113 remanentium
445 3048 576 3128 divino,
609 3070 686 3113 cum
718 3050 834 3132 ipsum
862 3050 989 3113 limitat
1010 3049 1085 3112 vite
1113 3047 1367 3125 necessariae

337 3154 382 3216 de
406 3163 539 3237 quanto
564 3155 797 3219 sustentatio
821 3155 1008 3238 evangelio
1031 3155 1261 3227 laborantem,
1285 3161 1325 3214 ut

336 3266 439 3338 patet
453 3257 479 3322 Ι.
496 3257 574 3322 Cor.
589 3257 655 3321 IX.
681 3258 766 3322 Cum
782 3259 892 3342 igitur
907 3279 1000 3342 papa
1015 3278 1087 3321 non
1105 3255 1325 3340 evangelizat

338 3362 481 3445 Anglie,
499 3363 562 3425 sed
574 3364 817 3426 consumendo
829 3384 1001 3446 personas
1012 3374 1121 3445 atque
1138 3360 1324 3444 pecuniam

338 3487 404 3551 per
419 3487 516 3530 suam
537 3479 699 3531 vocatam
715 3468 889 3531 iusticiam
905 3467 1147 3550 multipliciter
1163 3465 1327 3529 debilitat

337 3593 488 3656 regnum
520 3581 689 3650 nostrum,
722 3573 865 3637 videtur
888 3574 983 3656 quod
1007 3592 1079 3635 non
1103 3569 1233 3635 exinde
1257 3589 1326 3632 me·
1338 3576 1372 3626 30

339 3690 436 3740 retur
477 3698 499 3740 a
535 3677 639 3742 nobis
680 3677 974 3741 benediccionem
1017 3676 1189 3757 recipere.
1236 3674 1326 3737 Ideo

340 3792 484 3865 oportet
522 3784 619 3865 quod
651 3783 727 3846 iure
760 3783 893 3847 cesaris
924 3781 1091 3845 vendicet
1126 3778 1328 3844 huiusmodi

339 3886 585 3970 principatum,
610 3897 647 3950 ut
671 3887 912 3969 multipliciter
936 3888 1149 3949 declaratum
1166 3892 1222 3946 est
1237 3881 1328 3945 VIII

341 4011 418 4073 cap.
443 3990 518 4056 Sed
541 4012 619 4055 cum
642 4012 791 4074 regnum
814 3991 947 4074 Anglie
972 4011 1044 4054 non
1069 3988 1230 4053 subiacet
1252 3987 1327 4050 Ro·

341 4115 443 4160 mano
475 4096 637 4179 imperi0,
669 4096 811 4160 videtur
843 4096 941 4179 quod
964 4114 1036 4157 non
1063 4094 1139 4157 iure
1165 4094 1224 4156 vel
1249 4099 1372 4154 con-35

394 4336 430 4381 25.
447 4336 535 4381 codd:
550 4337 602 4380 ture
615 4336 727 4380 domiaio.
783 4335 819 4380 26.
834 4337 867 4380 A:
881 4339 1020 4379 sustentant.
