3008 5026
124 1955 187 1999 Four
201 1955 291 1998 lessons

116 2008 177 2052 from
193 2007 291 2050 Cnrist's

163 2060 250 2104 words.

643 428 814 479 soulruus
832 426 972 478 wicus
1190 407 1273 496 [ear.
1288 424 1306 468 1.

320 592 359 647 ut
382 585 590 648 ostendatur
612 584 689 648 eius
713 584 843 648 miticia
857 585 965 648 Math.
980 582 1066 663 XII,
1085 603 1122 664 ¹9
1145 582 1306 646 recitata:

319 688 432 771 Neque
446 690 571 768 aliquis
584 690 621 753 in
637 690 763 771 plateis
776 689 893 752 audiet
905 706 1020 751 vocem
1035 689 1119 764 cinS,
1142 695 1179 751 et
1193 687 1306 751 tercio

319 801 360 857 ut
381 795 511 857 doceat
542 794 722 876 quomodo
746 791 901 856 verbalis
924 791 1110 856 contencio
1138 800 1196 855 est
1217 810 1306 874 sepe

319 897 466 970 inutilis;
499 907 537 962 et
566 898 649 963 ideo
684 899 826 981 quando
860 895 1011 980 expedit
1042 904 1098 960 est
1120 896 1307 960 silendum.

320 1002 408 1066 Ideo
441 1003 485 1066 ad
516 1003 712 1066 tollendum
738 1001 929 1066 instancias
956 1003 1001 1064 de
1023 999 1226 1064 huiusmodi
1247 1011 1332 1063 nes

319 1106 450 1190 gativis
485 1107 571 1171 dicit
602 1107 827 1191 Augustinus
868 1107 965 1189 quod
996 1106 1212 1189 generaliter
1238 1123 1307 1168 nan

318 1212 405 1275 sient
435 1231 517 1276 rens
547 1214 599 1277 vel
629 1213 768 1276 dalosns
789 1212 966 1292 obmutuit,
996 1213 1056 1274 sed
1076 1210 1163 1274 sicut
1185 1223 1307 1292 agnus,

318 1318 379 1380 hoc
401 1323 449 1381 est
470 1317 614 1399 simplex
635 1322 666 1380 et
687 1319 854 1394 innocens,
876 1334 943 1379 non
967 1317 1103 1398 apernit
1125 1333 1163 1379 os
1192 1333 1306 1379 mum.

319 1420 507 1502 Nunquam
530 1421 622 1483 enim
646 1422 859 1504 loquebatur
880 1422 1086 1485 excusando
1109 1440 1149 1483 se
1173 1420 1218 1483 de
1241 1439 1307 1483 suo

321 1525 474 1606 crimine,
498 1525 590 1589 sicut
611 1546 789 1609 nunquam
811 1525 922 1589 tacuit
943 1545 1011 1609 pro
1035 1544 1100 1589 suo
1123 1533 1237 1598 reatu;
1271 1533 1308 1587 et
1322 1548 1351 1582 ιο

319 1629 372 1692 sic
408 1630 601 1713 utrobique
638 1640 709 1694 tam
747 1630 823 1694 eius
860 1629 1045 1694 silencium
1087 1650 1193 1711 quam
1231 1628 1307 1692 eius

319 1735 509 1818 responsio
525 1744 677 1818 propter
691 1737 805 1800 latens
815 1735 1010 1798 misterium
1026 1742 1083 1798 est
1096 1733 1306 1811 notandum;

319 1842 388 1923 nbi,
410 1840 534 1923 inquit,
556 1861 624 1904 non
645 1843 823 1924 respondit
844 1842 931 1904 sicin
953 1842 1027 1904 ovis
1048 1841 1177 1922 silebat,
1201 1843 1231 1902 et
1250 1839 1309 1900 nbi

319 1947 494 2026 respondit
528 1946 616 2009 sicut
648 1951 771 2026 pastor
807 1947 954 2008 docebat.
1000 1945 1188 2008 Discamns
1225 1955 1308 2024 crgo

320 2057 470 2130 quatuor
484 2049 664 2128 veritates,
689 2068 776 2131 quas
798 2058 922 2131 pastor
936 2049 972 2112 in
991 2047 1227 2131 responsione
1243 2067 1308 2110 sua
1321 2057 1349 2108 ι5

321 2153 493 2229 docuerit,
516 2153 631 2236 primo
655 2154 760 2217 docet
783 2154 944 2230 dicendo,
971 2156 1060 2236 quod
1081 2172 1149 2217 nan
1172 2154 1308 2216 haberet

316 2264 517 2341 potestatem
533 2260 603 2321 nisi
618 2260 739 2321 datum
755 2265 837 2322 esset
859 2259 925 2322 sibi
943 2260 1098 2340 desuper,
1121 2257 1218 2340 quod
1240 2272 1309 2338 per

319 2364 536 2446 Apostolum
569 2382 671 2424 suum
703 2362 833 2441 docuit,
864 2365 955 2444 qnod
974 2361 978 2446 Ι
999 2381 1066 2426 non
1089 2368 1137 2426 est
1158 2366 1309 2444 potestas
1339 2370 1397 2422 166·

319 2469 388 2530 nisi
410 2486 434 2529 a
455 2466 537 2531 Deo.

362 2568 530 2635 Secundo
554 2572 662 2635 docet
685 2573 781 2654 quod
811 2572 893 2653 plns
920 2577 1039 2653 peccat
1060 2573 1120 2652 qni
1147 2572 1308 2653 potestati
1318 2596 1352 2632 πο

318 2677 528 2742 innocentem
544 2677 765 2740 occidendum
781 2677 886 2740 livore
903 2678 1011 2739 tradit
1030 2695 1136 2756 qnam
1155 2680 1308 2758 potestas

317 2782 407 2862 ipsa,
434 2799 513 2844 cnm
542 2799 619 2844 eum
642 2783 766 2845 timore
788 2781 932 2845 alterius
959 2782 1107 2844 maioris
1132 2781 1308 2861 potestatis

317 2886 455 2960 oceidit·
488 2889 681 2966 propterea,
719 2884 847 2967 inquit,
893 2887 953 2966 qui
983 2885 1130 2948 tradidit
1160 2901 1216 2947 me
1247 2884 1307 2945 tibi

318 2990 435 3053 mains
452 2994 633 3071 peccatum
655 2989 760 3052 labet.

359 3093 407 3157 Et
428 3100 529 3175 patet
551 3093 674 3172 tercio,
698 3094 879 3175 quomodo
899 3113 1028 3156 vanum
1053 3103 1109 3157 est
1131 3105 1349 3158 excusarem

316 3196 468 3260 Pilatum
485 3218 504 3261 a
520 3198 664 3261 crimine
687 3200 752 3261 sed
768 3199 880 3282 magis
905 3208 961 3262 est
976 3218 1105 3261 vanum
1130 3219 1304 3262 excusare

316 3301 545 3365 maioritatem
568 3303 708 3385 peccati
730 3302 767 3365 in
789 3305 985 3368 sacerdote.

360 3405 496 3488 Quarto
519 3426 608 3470 vero
640 3407 796 3471 innuitur
828 3409 1010 3491 quomodo
1044 3408 1123 3491 quis
1157 3418 1213 3471 est
1236 3410 1304 3470 sub

316 3510 460 3574 alterius
491 3520 686 3594 potestate,
719 3520 755 3575 et
778 3515 875 3595 quod
898 3522 1107 3596 potentatus
1141 3511 1306 3595 superior

316 3636 388 3680 non
411 3625 469 3680 est
496 3637 538 3681 eo
565 3617 645 3700 ipso
671 3619 868 3700 culpandus
892 3638 963 3699 quo
987 3616 1133 3681 inferior
1160 3616 1305 3679 excedit
1317 3627 1349 3677 30

369 3941 381 3974 2
405 3931 426 3972 A
441 3930 464 3972 in
480 3942 566 3985 muru:
584 3943 609 3985 3.
668 3944 701 3983 ¹4·
718 3932 734 3974 Β
749 3931 771 3974 in
788 3943 874 3986 marga
896 3930 1004 3986 Qualuor
1021 3930 1138 3973 veritates,
1195 3928 1228 3973 16.
1244 3927 1261 3970 B
1280 3928 1304 3971 in

315 4012 401 4055 marg:
419 4013 436 4044 r.
492 4012 524 4056 ¹9·
542 4000 560 4043 B
577 4001 601 4044 in
617 4012 703 4056 marg.:
723 4010 745 4043 2.
800 4013 834 4046 αι.
856 4000 945 4043 Codd.:
967 4011 1017 4042 cum
1036 3999 1111 4059 enim
1134 3999 1164 4041 ib.
1182 3999 1306 4053 potestatis

314 4071 378 4113 deest
401 4070 424 4113 in
446 4071 514 4114 codd.
539 4070 628 4114 Addidi
649 4082 661 4113 e
681 4058 743 4112 testu
765 4071 800 4115 St.
822 4070 956 4124 Augustini.
1020 4080 1056 4122 ²4·
1081 4068 1097 4111 Β
1118 4068 1142 4111 in
1164 4080 1251 4124 murga
1277 4079 1304 4122 3.

315 4139 352 4185 30.
368 4141 409 4184 AB
423 4141 446 4184 in
462 4153 549 4195 marg:
567 4140 654 4183 Pilatus
667 4140 748 4183 tabuit
759 4144 899 4196 potestatem
914 4145 936 4183 et
945 4140 1059 4196 peccarit.

371 4286 487 4348 13.lbid.
562 4285 802 4345 reuomxutr.
875 4282 1120 4346 24Joh.XlX,11.
1193 4285 1301 4345 3o.Au-

314 4375 435 4440 guttinus
454 4383 482 4422 ut
500 4389 586 4438 supra.
