3008 5026
147 369 188 441 4ὁ
689 380 860 430 Jouaums
879 378 1028 429 wvcna.
1208 354 1290 444 [car.
1310 374 1350 417 m.

364 537 416 599 rei
431 546 565 618 gestae.
588 537 635 600 Et
650 537 809 619 quamvis
824 538 1015 617 Johannes,
1040 536 1141 619 virgo
1159 545 1195 598 et
1211 535 1352 614 sterilis,

167 656 298 703 selaviour
311 656 338 700 or
365 661 586 725 synagogam
608 641 845 724 singnificanS,
856 643 1077 723 precucurrit
1092 642 1193 705 citius
1213 641 1217 723 l
1237 640 1351 720 Petro,
1385 653 1447 712 172·

151 708 347 828 ecurfflesohn
364 754 480 809 tamen
496 746 626 809 Petrus
643 766 689 808 ex
705 745 847 808 fervore
864 746 991 809 amoris
1014 746 1049 808 in
1074 743 1207 808 effectu
1229 744 1351 827 posito

182 815 318 870 mmm
364 852 516 914 introivit
549 860 586 915 et
617 853 660 914 ab
686 851 915 934 experiencia
937 870 1016 913 cum
1041 849 1278 933 inspiracione
1301 850 1353 912 in·

364 965 465 1019 terna
503 956 651 1018 edoctus
689 955 993 1018 resurreccionem
1032 953 1192 1036 credidit,
1231 964 1267 1018 et
1301 955 1379 1018 sic5

364 1061 561 1139 Johannem
594 1060 655 1143 qui
685 1060 751 1123 fuit
782 1068 868 1143 post
900 1080 979 1123 eum
1011 1059 1204 1142 precipuus
1228 1059 1353 1122 confir-

365 1164 482 1230 mavit.
511 1165 615 1228 Unde
639 1164 798 1248 sequitur
820 1165 856 1227 in
879 1174 996 1228 textu:
1025 1164 1121 1247 Tunc,
1149 1163 1272 1246 inquit,
1296 1166 1352 1226 in-

365 1271 479 1332 troivit
511 1276 541 1333 et
573 1273 630 1333 ilie
660 1272 862 1352 discipulus,
893 1273 952 1351 qui
983 1275 1120 1333 venerat
1145 1271 1284 1349 primus
1306 1271 1355 1332 ed

365 1380 635 1453 monumentum,
667 1381 697 1438 et
720 1376 804 1438 vidit
827 1380 857 1437 et
883 1376 1044 1449 credidit·
1075 1375 1227 1438 nondum
1259 1375 1352 1436 euim

364 1478 513 1540 sciebant
534 1480 757 1560 scripturam,
781 1480 862 1560 quia
889 1480 1039 1560 oportuit
1058 1496 1137 1541 eum
1162 1497 1184 1540 a
1204 1480 1354 1541 mortuis
1367 1499 1398 1532 10

366 1594 554 1663 resurgere.
594 1581 763 1663 Quamvis
803 1581 895 1644 enim
924 1581 1105 1660 Johannes
1138 1581 1255 1663 quoad
1294 1583 1352 1643 de·

180 1700 240 1743 John
256 1712 321 1743 more
365 1685 554 1749 vocionem
578 1686 704 1749 amoris
729 1686 1004 1768 contemplantis
1023 1685 1228 1749 fervencins
1242 1685 1352 1749 Petro

190 1753 278 1795 fervent
292 1753 315 1796 in
438 1791 446 1804 ,
606 1791 613 1805 ,

156 1804 342 1864 contemplative,
366 1789 541 1854 Chnstum
580 1791 754 1873 dilexerit,
791 1799 909 1854 tamen
941 1791 1071 1854 Petrus
1109 1800 1276 1872 quantum
1310 1792 1352 1852 ad

158 1857 268 1964 praiii‘ai
279 1868 341 1953 iile.
365 1915 520 1957 amorem
537 1896 733 1977 practicum
749 1898 829 1978 plus
839 1896 966 1959 ceteris
983 1894 1156 1977 apostolis
1173 1895 1353 1979 diligebat

365 1999 406 2061 ln
423 2000 522 2062 cuius
546 2000 685 2082 signum
701 2001 895 2079 Johannes,
918 2009 1093 2082 tamquam
1110 1999 1353 2082 speculativas
1368 2006 1397 2056 15

366 2105 409 2166 ad
418 2103 688 2186 percipiendum
700 2106 849 2168 archana
862 2103 935 2167 Dei
949 2103 1061 2186 magis
1078 2102 1284 2186 dispositus,
1308 2105 1353 2165 de

364 2208 447 2272 Jesu
469 2215 580 2272 stante
603 2211 638 2272 in
661 2212 773 2273 littore
796 2209 839 2272 ad
863 2209 1072 2292 signandum
1092 2228 1231 2272 cursum
1254 2228 1353 2270 mun·

366 2313 456 2375 dane
467 2312 636 2377 viacionis
647 2313 716 2377 sibi
724 2322 947 2391 transactum,
963 2311 1063 2395 prius
1074 2312 1239 2396 percepit
1249 2332 1353 2395 quam

365 2417 505 2495 Petrus,
529 2418 610 2500 quia
632 2420 794 2482 domiuus
818 2427 882 2494 est,
906 2426 945 2480 ut
967 2416 1096 2480 dicitur
1118 2418 1195 2496 Joh.
1218 2416 1352 2497 ultim0,

364 2531 606 2584 verumtamen
637 2522 776 2600 Petrus,
815 2521 933 2585 audito
967 2521 1048 2602 quia
1085 2520 1248 2584 dominus
1287 2532 1353 2597 est,
1365 2543 1398 2576 20

364 2622 458 2688 misit
489 2645 528 2687 se
552 2625 753 2689 fervencius
785 2625 822 2688 in
853 2645 957 2689 mare.
980 2624 1026 2687 Et
1048 2634 1198 2707 propter
1221 2624 1353 2708 magni·

365 2727 523 2791 tudinem
554 2728 655 2792 istius
689 2729 815 2792 amoris
848 2727 995 2811 practici
1027 2737 1063 2791 et
1091 2727 1353 2810 experienciam

364 2831 563 2915 fragilitatis
600 2835 761 2915 humane,
805 2854 883 2897 cnm
921 2833 1076 2916 ipsemet
1116 2842 1172 2896 ter
1207 2830 1355 2915 negavit

366 2935 542 2999 Christum
574 2938 680 3001 Math.
708 2937 849 3016 XXVI,
881 2937 947 3001 fuit
977 2937 1113 3000 racioni
1146 2955 1353 3007 consonum,

365 3050 405 3104 ut
439 3041 520 3124 ipse
556 3042 790 3125 preficeretur
828 3051 934 3125 caput
972 3040 1134 3121 ecclesie,
1173 3041 1397 3120 Johannes25

366 3154 482 3208 autem
515 3146 619 3229 virgo
658 3156 695 3210 et
733 3147 1031 3228 contemplativus
1069 3166 1089 3206 a
1126 3146 1257 3209 mundo
1291 3147 1353 3208 ab·

366 3258 519 3314 stractus
541 3250 663 3313 habuit
686 3251 882 3314 custodiam
906 3250 1025 3314 matris
1054 3261 1090 3313 et
1111 3249 1260 3332 virginis
1284 3269 1354 3332 que

365 3353 432 3417 fuit
453 3355 566 3418 iocale
589 3355 713 3437 sponsi
735 3355 1044 3438 preciosissimum.
1082 3354 1128 3416 Et
1156 3354 1207 3417 sic
1229 3354 1355 3416 habuit

367 3459 506 3541 signum
538 3459 803 3542 preeminencie
836 3460 964 3523 amoris
996 3459 1031 3522 in
1062 3460 1141 3537 hoc,
1179 3459 1276 3541 quod
1309 3458 1354 3520 de

366 3571 437 3624 tam
469 3583 586 3645 prope
619 3564 760 3644 quietus
793 3565 909 3628 factus
942 3572 998 3627 est
1031 3563 1174 3626 celestis
1199 3561 1356 3644 coniugii
1367 3571 1398 3623 30

368 3669 639 3750 paranymphus,
673 3678 709 3731 et
740 3679 863 3752 preter
885 3671 952 3731 hec
974 3667 1097 3730 habuit
1125 3687 1203 3730 cum
1227 3665 1356 3731 ceteris

369 3773 541 3855 apostolis
573 3774 777 3856 generalem
811 3773 1007 3837 custodiam
1038 3771 1158 3834 matris
1192 3771 1355 3852 ecclesie,

369 3877 433 3939 sed
453 3874 458 3962 l
478 3877 626 3959 quadam
642 3877 871 3961 prerogativa
880 3878 1019 3942 Petrus,
1036 3877 1083 3940 Et
1099 3876 1150 3939 sic
1161 3876 1357 3939 secundum
1387 3879 1445 3948 172b

369 4000 472 4044 unam
499 3981 678 4044 racionem
700 3983 836 4045 amandi
861 3982 1003 4046 videtur
1024 3981 1234 4045 catholicum
1258 3982 1357 4063 quod

368 4085 549 4164 Johannes
574 4088 655 4168 plus
680 4087 788 4150 Petro
815 4086 941 4151 dilexit
966 4088 1101 4150 celeste
1141 4085 1397 4168 coniugium,35

439 4327 463 4377 7.
481 4311 539 4362 Joh.
559 4311 622 4374 xxi,
641 4328 666 4375 4.
