3008 5026
649 398 817 449 tonsurus
834 396 977 448 wicun
1174 374 1257 466 [car.
1266 391 1309 437 vr.

324 576 403 619 curn
426 555 610 638 apostolis,
643 554 838 618 ostendunt
864 573 904 616 se
928 552 1181 636 dampnabiles,
1215 552 1312 634 quod

324 660 473 724 ociando
505 668 641 723 tantum
670 657 738 722 illis
760 657 1001 741 potestatibus
1034 659 1234 722 abutuntur.
1272 654 1313 720 Si

324 773 441 828 autern
464 774 664 848 potestates
696 772 856 827 terrenas
877 761 1067 826 habuerint
1095 782 1203 845 supra
1227 782 1312 845 apo·

323 872 447 949 stolos,
462 871 532 933 hoc
542 869 630 933 false
647 876 684 931 et
695 866 956 932 antichristiane
971 868 1104 930 habent
1122 866 1313 950 aprincipe

323 975 444 1039 mundi
465 974 578 1039 huius.
1325 982 1339 1032 5

117 1075 305 1133 ᾸΡΟΜΜΟ
368 1078 507 1145 Octava
538 1076 721 1141 sentencia
756 1086 824 1142 est:
856 1076 1022 1141 Romano
1053 1077 1222 1161 pontifice
1255 1077 1316 1140 vel

154 1128 237 1172 claims
251 1134 275 1170 to

135 1179 288 1277 fficfilssffife
325 1204 550 1269 quocumque
589 1182 656 1246 alio
688 1183 849 1266 fingente
882 1202 922 1245 se
959 1202 1087 1267 gerere
1124 1181 1316 1265 primatum

107 1284 315 1381 'gssfflssvlgssglgl
324 1289 455 1353 vicarie
478 1286 668 1372 potestatis
685 1286 815 1350 Christi
836 1286 872 1349 in
895 1287 1009 1365 terris,
1032 1289 1075 1350 ab
1098 1287 1173 1350 eius
1189 1285 1317 1349 semita

137 1388 288 1433 nuncnune
326 1393 525 1457 declinante
568 1394 763 1455 secundum
801 1411 944 1455 sensum
986 1391 1161 1474 scripture
1198 1391 1316 1454 nullus

324 1497 465 1581 plenius
489 1500 547 1561 vel
571 1497 806 1580 periculosius
830 1496 923 1579 gerit
939 1499 984 1560 de
1007 1498 1102 1560 facto
1126 1516 1256 1560 nomen
1279 1505 1356 1560 etro

326 1621 436 1684 opera
446 1602 665 1666 Antichristi.
676 1600 747 1664 Pro
765 1601 1007 1664 declaracione
1017 1600 1120 1665 istius
1133 1600 1317 1665 sentencie

325 1708 515 1770 notandum
539 1714 595 1769 est
617 1704 731 1787 primo
762 1708 957 1768 secundum
980 1706 1122 1769 modum
1144 1706 1318 1790 loquendi

326 1810 518 1895 scripture:
548 1810 654 1892 Quod
678 1810 892 1893 quicumque
916 1819 972 1873 est
996 1810 1137 1874 Christo
1160 1813 1220 1874 vel
1242 1810 1319 1896 legi

326 1936 390 1979 sue
414 1916 621 1997 contrarius,
646 1915 773 1978 dicitur
788 1914 1039 1995 Antichristus,
1063 1924 1100 1979 et
1121 1918 1320 1980 concordat

325 2021 470 2084 literalis
495 2021 723 2103 composicio,
753 2040 831 2082 cum
854 2020 1095 2084 Antichristus
1119 2021 1248 2085 dicitur
1270 2023 1316 2084 ab
1331 2030 1356 2079 rt

326 2127 409 2204 anti,
442 2127 539 2208 quod
572 2134 628 2189 est
658 2131 788 2206 contra,
822 2133 858 2187 et
882 2125 1041 2188 Christus
1064 2125 1166 2208 quasi
1194 2135 1319 2190 contra

328 2229 512 2295 Christum.
550 2231 596 2293 Et
623 2229 692 2294 isto
716 2231 824 2293 modo
847 2230 1005 2313 loquitur
1027 2230 1259 2313 Evangelista
1280 2230 1318 2294 in

327 2335 438 2418 prima
462 2335 613 2419 epistola
635 2354 699 2399 sua
722 2335 893 2399 canonica
916 2334 952 2398 II
976 2355 1051 2418 cap.
1080 2340 1131 2398 18:
1160 2335 1204 2399 Et
1229 2337 1318 2400 sicui

327 2441 485 2519 audistis
507 2440 631 2523 inquit,
653 2442 735 2522 quia
750 2441 979 2505 Antichristus
988 2442 1085 2520 venit,
1108 2460 1199 2504 nunc
1212 2441 1317 2506 Anti-

326 2547 444 2609 chrisii
470 2547 573 2609 multi
586 2545 678 2625 facti
704 2551 792 2610 sunt.
825 2546 872 2608 Et
892 2545 972 2609 illos
997 2555 1102 2609 vocat
1125 2544 1287 2609 Christus
1312 2543 1356 2630 {sc

327 2649 451 2712 Matth.
476 2648 609 2711 XXIV
634 2669 708 2732 cap.
728 2651 1005 2715 Pseudochristos
1027 2651 1196 2732 apscudo
1219 2649 1320 2731 quod
1351 2673 1356 2708 ι

327 2753 435 2816 latine
458 2753 586 2817 dicitur
608 2753 717 2818 falsus
740 2754 800 2817 vel
816 2754 1009 2837 decipiens,
1033 2763 1070 2818 et
1092 2754 1144 2817 sic
1168 2753 1320 2836 quilibet

330 2858 506 2940 dyabolus
538 2860 597 2922 vel
628 2862 825 2923 membrum
858 2860 934 2923 eius
968 2868 1024 2923 est
1055 2859 1196 2922 realiter
1234 2857 1319 2921 anti·

330 2961 491 3026 christus,
513 2962 620 3027 Unde
636 2963 779 3028 videtur
793 2964 899 3027 michi
925 2964 1006 3028 illos
1024 2984 1103 3027 esse
1121 2963 1320 3045 culpandos

329 3067 391 3148 qui
404 3076 529 3150 preter
550 3068 796 3133 auctoritatem
812 3069 989 3152 scripture
1005 3069 1205 3151 sompniant
1221 3069 1321 3150 quod
1332 3075 1356 3128 s!

330 3172 375 3234 de
406 3172 500 3235 tribu
522 3174 603 3236 Dan
625 3173 661 3237 in
684 3174 745 3237 illo
783 3176 864 3237 loco
898 3194 977 3237 cum
1010 3173 1112 3256 equis
1145 3182 1181 3236 et
1213 3192 1321 3235 curru

329 3276 445 3360 igneis
462 3286 498 3340 et
515 3279 645 3341 ceteris
660 3279 799 3343 ficticiis
816 3278 1053 3342 dominabitur
1067 3277 1319 3341 Antichristus.

329 3381 508 3446 Doctores
531 3392 649 3447 autem
665 3383 726 3466 qui
749 3384 800 3448 sic
815 3384 1009 3467 loquuntur
1031 3385 1089 3447 vel
1113 3384 1157 3446 ad
1177 3383 1323 3446 modum

146 3502 287 3547 Tuewhote
330 3488 500 3570 loquendi
543 3489 791 3571 propheticum
835 3491 1028 3572 loquuntur
1078 3487 1215 3551 mistice
1260 3489 1321 3551 vel

141 3555 204 3610 body
218 3554 245 3598 of
256 3555 294 3597 the

128 3620 153 3652 re
171 3608 304 3712 {ssffisiff
330 3591 498 3656 videntur
514 3595 718 3658 admodum
734 3595 997 3659 concionatoris
1012 3595 1159 3678 fingere.
1175 3593 1356 3657 Certum&

130 3724 160 3808 ,⁸ss
173 3711 304 3808 ῑῶειῶῗὲῐὲῑ
333 3708 389 3760 est
410 3698 532 3781 itaque
556 3701 653 3782 quod
676 3720 832 3783 persona
854 3700 1091 3782 prescitorum
1115 3706 1322 3782 aggregata,

333 3810 389 3865 est
411 3823 502 3867 unus
524 3804 778 3887 Antichristus,
803 3804 895 3868 sicut
919 3803 1099 3886 quotlibet
1124 3804 1323 3865 membrum

333 3906 418 3989 eius,
441 3917 479 3972 et
500 3907 594 3972 illius
626 3909 694 3973 erit
715 3929 806 3973 unus
831 3909 992 3992 capitalis
1023 3907 1060 3972 in
1081 3906 1217 3971 malicia
1238 3908 1322 3991 plus

384 4200 406 4246 6.
421 4200 462 4245 AB
477 4200 501 4245 in
516 4213 603 4257 marga
622 4202 779 4246 Antichristus
792 4203 844 4255 osis
861 4207 897 4246 ert
911 4201 1036 4246 secundam
1049 4201 1198 4257 scripturam.
1254 4198 1288 4246 16.
1304 4201 1323 4246 B

331 4270 356 4316 ln
367 4282 454 4328 marg.:
469 4271 527 4316 Anti
536 4272 600 4316 natet
612 4275 703 4317 contra.
758 4285 795 4328 24.
810 4272 864 4317 Ain
876 4284 962 4327 marga
976 4271 1013 4315 De
1022 4271 1173 4316 Antichristo.
1227 4282 1266 4330 ²7·
1281 4271 1323 4317 ΑΒ

332 4341 356 4386 in
371 4353 458 4398 marga
473 4340 509 4386 De
521 4342 670 4387 Antichristo.
