3008 5026
697 373 866 426 Jounurus
886 373 1026 425 wreus
1211 353 1294 444 [cur.
1313 370 1356 414 ιν.

362 550 468 614 quem
484 530 621 615 eligunt
637 531 684 595 sit
699 531 774 595 eius
791 531 954 606 vicarius,
985 538 1087 614 patet
1110 532 1207 614 quod
1231 550 1355 595 eorum

363 635 478 700 activa
513 637 647 700 eleccio
680 656 753 699 non
785 637 846 700 dat
879 637 995 699 electo
1027 635 1200 700 iusticiam
1233 637 1357 719 quoad

361 740 489 807 Deum.
512 739 572 806 Sic
597 741 689 805 enim
711 749 863 824 possent
886 744 1063 805 electores
1078 740 1241 824 perverti
1255 742 1356 824 quod

363 845 500 928 eligunt
510 846 545 910 in
557 846 687 910 Christi
700 846 870 910 vicarium
880 845 1075 930 pessimum
1085 845 1355 911 Antichristum.

363 948 410 1012 Et
444 951 526 1014 hinc
556 952 663 1014 credo
688 952 785 1033 quod
807 950 896 1015 ritus
920 949 1072 1014 ecclesie
1095 948 1265 1031 religiose
1293 959 1380 1013 κιο-5

361 1054 493 1119 minant
516 1056 622 1120 talem
646 1057 797 1119 electum
821 1055 1059 1138 permissione
1080 1054 1199 1118 divina
1216 1055 1354 1139 episco-

361 1179 462 1243 pum;
498 1181 570 1224 non
602 1167 811 1243 presumunt
844 1160 962 1223 dicere
994 1159 1262 1243 approbacione
1295 1161 1355 1223 vel

361 1265 479 1349 gracia
496 1264 628 1344 divina,
652 1265 750 1347 quod
765 1264 887 1347 sepius
903 1263 1123 1327 mentiretur.
1147 1261 1187 1329 Si
1206 1263 1354 1346 dicatur,

361 1370 458 1452 quod
492 1389 536 1432 eo
568 1370 649 1452 ipso
682 1370 761 1452 quis
794 1368 938 1452 eligitur
969 1376 1056 1452 aput
1076 1369 1194 1431 Deum
1223 1369 1352 1432 autori·

360 1483 498 1537 zantem
522 1474 750 1550 eleccionem,
775 1493 846 1556 quo
870 1473 906 1535 in
929 1493 1008 1535 eum
1032 1472 1141 1536 maior
1164 1492 1247 1556 pars
1272 1493 1353 1536 con·
1369 1499 1398 1532 ιο

361 1579 515 1643 senserit
539 1579 745 1660 electorum,
770 1598 813 1642 eo
839 1578 919 1660 ipso
935 1577 1069 1641 subditi
1091 1578 1227 1640 debent
1251 1578 1355 1661 sequi

361 1704 441 1746 eum
465 1684 801 1767 quomodocumque
824 1683 985 1760 viaverit‚
1006 1691 1108 1766 patet
1127 1683 1224 1764 quod
1247 1682 1355 1745 nichil

360 1788 548 1864 infidelius,
568 1794 573 1869 Ι
594 1788 676 1870 quia
697 1807 771 1850 non
800 1789 913 1851 solum
945 1789 1102 1850 membra
1125 1787 1272 1869 dyaboli
1296 1807 1353 1850 co·
1386 1793 1443 1861 176‘

360 1902 490 1977 gerent
512 1894 629 1957 Deum
654 1895 699 1957 ad
722 1893 863 1967 malum;
892 1892 957 1956 sed
983 1893 1073 1955 fides
1097 1891 1353 1975 consequentis

360 2002 589 2062 subverteret
611 2007 741 2063 statum
757 1997 922 2075 ecclesie,
944 1997 1026 2060 ideo
1044 1997 1138 2061 absit
1152 2017 1172 2060 a
1187 1997 1353 2060 fidelibus
1369 2007 1396 2058 15

358 2103 428 2166 hoc
460 2103 630 2186 porisma;
668 2111 752 2166 tunc
786 2102 877 2166 enim
912 2110 1035 2184 posset
1064 2122 1186 2165 currus
1210 2101 1281 2165 Dei
1305 2121 1353 2165 ex

359 2208 544 2292 principiis
566 2208 652 2272 fidei
675 2209 756 2272 duci
778 2208 814 2271 in
830 2206 1073 2290 precipicium,
1097 2206 1352 2271 descendendo

359 2333 426 2397 per
456 2314 677 2378 latitudinem
706 2313 841 2377 itineris
864 2313 1083 2376 Antichristi.
1129 2312 1216 2375 Ideo
1243 2311 1355 2373 debet

361 2437 442 2482 esse
465 2418 616 2481 maxima
637 2418 736 2481 fideli
758 2418 856 2500 quod
878 2417 1021 2500 precise
1044 2417 1089 2479 de
1117 2425 1216 2481 tanto
1241 2416 1354 2478 debet

182 2549 315 2594 anenno
360 2523 524 2587 subditus
557 2523 660 2605 sequi
691 2543 793 2586 suum
824 2521 1001 2604 privatum
1035 2521 1260 2603 prepositum
1291 2520 1396 2584 velro

152 2609 184 2698 ³¹3
193 2605 229 2698 1¹2²,
240 2603 336 2712 3ῗῖἧᾷ
360 2627 429 2690 sibi
452 2637 511 2690 aut
535 2646 599 2690 sue
621 2625 851 2711 prepositure
873 2626 1032 2708 legitime
1059 2626 1272 2698 consentire,
1306 2626 1352 2688 de

142 2707 345 2822 ιῑέξᾙῐξξῑῖῗζς
359 2740 491 2814 quanto
515 2731 669 2795 imitatus
693 2739 749 2794 est
766 2731 938 2794 Christum
962 2731 1022 2793 vel
1046 2730 1207 2794 docuerit
1229 2732 1350 2813 legem

204 2811 291 2857 Μ’
359 2856 467 2914 suam,
485 2845 544 2900 aut
558 2837 835 2901 conversacione
854 2845 890 2898 et
907 2856 1018 2919 opere
1035 2836 1193 2899 ostendit
1208 2834 1349 2920 signum

359 2941 478 3004 vivum
512 2942 567 3005 sui
598 2941 715 3007 officii
747 2940 853 3004 Patet
876 2961 924 3004 ex
947 2943 1093 3004 decreto
1118 2940 1232 3004 sancti
1254 2959 1350 3023 pape

359 3044 528 3129 Cypriani
560 3046 793 3109 distinceione
816 3044 906 3110 VIII
935 3043 974 3109 Si
995 3048 1089 3109 solus
1113 3043 1280 3125 Christus,
1314 3054 1393 3107 et25

360 3152 467 3214 docet
482 3152 667 3234 apostolus
684 3150 797 3234 prima
807 3150 888 3213 Cor.
898 3149 964 3229 XI,
980 3171 1009 3213 1:
1032 3151 1144 3214 Estote
1158 3152 1352 3213 imitatores

358 3256 427 3319 mei
448 3258 535 3319 sicut
557 3269 617 3338 ego
643 3255 778 3322 Christi.
807 3256 903 3318 Ecce
928 3275 1031 3338 quam
1054 3255 1214 3318 breviter
1237 3253 1351 3317 forma

359 3360 569 3443 exprimitur
591 3360 755 3423 imitandi
779 3359 825 3422 Et
847 3360 914 3422 hec
937 3359 1032 3423 racio
1056 3379 1166 3442 quaro
1184 3358 1350 3441 apostoli,

358 3483 403 3528 ne
437 3464 661 3546 eclipsarent,
694 3465 758 3528 sed
787 3465 1007 3527 declararent
1030 3464 1202 3527 visionem
1227 3464 1271 3526 ad
1295 3482 1349 3527 se·

358 3571 537 3654 quendum
562 3568 693 3632 Christi
724 3569 887 3652 vestigia,
919 3589 992 3632 non
1024 3569 1214 3632 ediderunt
1235 3588 1349 3632 novas
1362 3580 1393 3631 30

357 3675 459 3760 leges
496 3674 562 3738 sed
599 3674 715 3758 legem
754 3694 858 3756 quam
896 3693 916 3736 a
954 3672 1095 3737 Christo
1135 3681 1350 3755 acceperant

358 3781 482 3843 sedule
515 3779 728 3854 docuerunt;
761 3779 929 3843 dixerunt
961 3799 1000 3842 se
1033 3799 1114 3843 esse
1144 3798 1279 3842 vacuos
1312 3787 1350 3842 et

358 3884 532 3968 dyasones
549 3884 650 3968 quasi
664 3887 776 3963 nichil,
800 3893 840 3948 ut
855 3893 956 3968 patet
970 3885 1083 3968 prima
1099 3884 1180 3949 Cor.
1196 3883 1301 3965 XIII,
1319 3902 1348 3965 2,

413 4176 433 4230 5,
449 4177 471 4221 6.
488 4176 559 4221 Coa:
575 4177 693 4222 Nomr'not.
748 4178 770 4229 6,
786 4188 808 4231 7.
823 4175 911 4220 codd:
927 4179 996 4221 talem
1010 4179 1150 4234 episcopum.

412 4322 452 4375 25.
472 4322 575 4372 Decreti
595 4322 683 4371 Prima
702 4336 771 4387 pars,
791 4323 849 4371 dist.
864 4322 929 4372 Vlll.
949 4337 1005 4387 cup.
1028 4323 1067 4373 lX.
