3008 5026
729 410 899 462 sosarnus
917 409 1058 461 wvcurr
1236 388 1319 478 [cir.
1336 404 1386 449 vn.

396 576 574 649 ponentes
586 577 774 650 utrumque
791 586 912 630 eorum
924 569 1150 630 essebonum
1166 567 1387 630 sacerdotem

395 682 502 754 atque
536 672 756 749 catholicum,
797 672 912 754 parati
944 680 1027 734 sunt
1059 671 1208 734 obedire
1245 670 1387 753 utrique

396 778 592 840 secundum
602 777 763 856 formam,
786 796 855 859 qua
869 776 1071 859 Apostolus
1087 774 1250 839 obedivit
1264 774 1387 839 debite

395 883 503 945 beato
527 881 648 946 Petro.
686 881 734 944 Et
757 880 970 964 quicumque
998 879 1194 944 extorserit
1219 879 1388 943 maiorem

396 986 643 1050 obedienciam
682 995 738 1051 est
769 994 971 1068 suspectus.
1024 984 1154 1049 Petrus
1187 984 1279 1048 enim
1315 989 1411 1046 non5

395 1091 506 1174 peciit
528 1092 774 1157 obedienciam
800 1091 968 1156 maiorem
991 1110 1012 1153 a
1033 1091 1171 1173 populo
1197 1088 1266 1153 nisi
1290 1088 1389 1171 quod

397 1198 561 1261 credatur
586 1198 677 1260 fides
705 1196 838 1261 Christi
866 1204 904 1259 et
930 1194 1125 1259 efficaciter
1152 1214 1263 1278 opere
1292 1212 1387 1256 com·

396 1303 545 1384 pleatur.
584 1301 667 1365 Non
699 1301 791 1365 enim
822 1299 934 1383 peciit
957 1299 1238 1363 dominacionem
1265 1297 1387 1374 seculi,

192 1432 260 1530 τηιζ
274 1435 332 1478 rave
346 1446 377 1477 no
396 1406 584 1489 pecuniam
607 1406 666 1469 vel
689 1405 855 1488 vectigal.
887 1404 964 1468 Nec
988 1406 1114 1469 subest
1141 1403 1241 1468 alteri
1264 1422 1388 1466 eorum

199 1493 367 1583 iiim⁰i¹niir⁰e
398 1510 589 1574 auctoritas
611 1510 693 1593 plus
707 1510 893 1606 querendi,
917 1519 954 1572 et
976 1508 1181 1592 specialiter
1191 1508 1236 1571 de
1256 1506 1388 1590 regnis,
1401 1529 1428 1565 ιο

231 1590 331 1688 'hilii
397 1614 541 1696 populis
564 1615 623 1677 vel
646 1614 811 1697 personis
836 1614 1016 1696 exigendo
1039 1613 1210 1695 pecunias
1229 1612 1289 1675 vel
1311 1611 1387 1695 pin·

211 1696 355 1809 ῗῖἰὲξῖἀψῖῗξ
396 1718 519 1801 guium
563 1719 818 1782 beneficiorum
865 1718 1087 1795 collaciones,
1134 1717 1202 1781 nisi
1238 1716 1388 1780 fundare

223 1800 338 1855 Μόψῳ·
397 1822 542 1886 sciverit
570 1843 617 1886 ex
644 1823 787 1887 racione
815 1823 874 1885 vel
902 1822 1076 1905 scriptura
1103 1822 1202 1904 quod
1226 1819 1388 1885 Christus

395 1928 456 1991 vel
470 1927 600 1991 Petrus
617 1928 863 1992 obedienciam
885 1926 1087 1991 huiusmodi
1107 1924 1315 1990 vendicavit
1328 1926 1388 1989 vel

397 2032 521 2096 debuit
544 2032 745 2096 vendicare.
783 2030 823 2097 Si
854 2041 971 2095 autem
1003 2035 1093 2096 alter
1125 2051 1248 2094 eorum
1270 2049 1387 2115 regno
1401 2036 1427 2088 15

396 2136 454 2200 vel
482 2137 620 2219 populo
647 2136 753 2199 fidem
777 2134 908 2199 Christi
935 2135 1122 2218 predicare
1149 2133 1305 2198 voluerit
1328 2133 1389 2196 vel

395 2242 502 2305 fidem
518 2248 722 2322 susceptam
737 2240 849 2304 instar
861 2240 961 2303 Petri
977 2240 1185 2304 confirmare
1201 2239 1387 2319 miraculis,

396 2346 539 2409 videtur
575 2344 681 2408 michi
718 2347 815 2428 quod
846 2347 1003 2429 populus
1035 2353 1217 2430 gratanter
1257 2345 1389 2408 debeat

397 2450 554 2531 obedire,
578 2449 858 2514 dominacionem
882 2460 999 2514 autem
1022 2462 1061 2515 ut
1076 2469 1253 2514 venenum
1276 2449 1388 2512 debet

398 2557 592 2639 expellere,
616 2556 754 2638 gracias
778 2575 889 2638 agens
905 2556 997 2634 Deo,
1020 2554 1081 2637 qui
1103 2552 1328 2620 abbreviavit
1350 2563 1428 2616 etro

399 2661 539 2726 detexit
560 2681 777 2725 venenosam
804 2661 1027 2744 tyrannidem
1050 2658 1271 2723 Antichristi.
1309 2657 1388 2721 Nec

397 2777 539 2830 moveat
555 2768 653 2849 quod
668 2776 831 2849 tempora
845 2766 914 2829 ista
928 2774 1010 2830 sunt
1024 2784 1211 2848 prospera,
1227 2761 1389 2827 Christus

399 2880 515 2935 autem
547 2871 644 2954 dicit,
677 2872 774 2954 quod
812 2877 859 2934 est
890 2872 1070 2934 tribulacio
1101 2882 1243 2951 magna,
1274 2869 1390 2949 qualis

398 2996 575 3059 nunquam
582 2976 668 3057 fuit.
691 2975 865 3058 Loquitur
881 2985 998 3039 autem
1014 2975 1059 3038 de
1072 2972 1263 3038 miserabili
1278 2972 1387 3036 tribu·

397 3081 535 3144 lacione
558 3081 672 3144 anime
695 3080 847 3144 maxima
871 3100 941 3163 que
972 3081 1041 3143 iam
1063 3080 1181 3155 instat,
1205 3077 1288 3161 quia
1309 3078 1386 3141 dor·
1401 3087 1429 3137 25

399 3184 503 3248 micio
520 3184 687 3269 Symonis
704 3196 741 3249 et
756 3184 861 3249 Yude
881 3184 1004 3267 vigilia
1024 3184 1061 3247 in
1085 3183 1232 3249 cautelis
1256 3181 1391 3245 faciunt

398 3290 553 3374 litargire
581 3289 677 3372 quod
707 3290 807 3353 multi
834 3308 986 3372 sompno
1013 3288 1155 3352 letifero
1176 3287 1180 3371 Ι
1200 3286 1390 3351 insensibi·
1422 3292 1471 3361 ¹9⁸⁶

209 3405 298 3502 wycljp
310 3407 378 3502 wilh
398 3394 480 3458 liter
495 3394 697 3457 moriantur.
713 3393 866 3457 Paratus
879 3413 959 3457 sum
978 3399 1094 3457 aulem
1108 3411 1269 3456 revocare
1284 3393 1390 3456 istam

184 3468 362 3555 “mieiteiiug
381 3466 616 3577 tsentenciam²
630 3499 725 3561 docto
743 3501 832 3581 quod
846 3500 890 3561 sit
905 3499 1084 3562 contraria
1091 3498 1181 3577 fidei
1195 3497 1390 3560 christiane.

401 3602 475 3666 Sed
505 3602 649 3666 videtur
689 3601 794 3666 michi
825 3602 969 3665 indubie
1002 3603 1099 3685 quod
1136 3621 1207 3664 non
1240 3601 1390 3684 amplius
1402 3611 1432 3663 30

400 3727 504 3789 quam
520 3716 702 3771 ostensum
719 3717 784 3789 est,
801 3708 911 3773 debet
926 3706 1120 3770 catholicus
1140 3708 1247 3769 talem
1263 3707 1392 3769 ducem

401 3812 503 3894 sequi
526 3814 585 3876 vel
609 3812 642 3875 ei
665 3820 704 3876 ut
727 3812 855 3876 Christi
878 3812 1011 3875 vicario
1038 3811 1196 3892 obedire,
1224 3821 1262 3874 et
1283 3812 1391 3875 nichil

455 4053 476 4096 5.
490 4052 531 4096 ΑΒ
548 4053 570 4095 in
586 4064 673 4108 marga
690 4052 793 4096 obedire
803 4065 872 4108 pape.

455 4181 494 4231 23.
514 4177 603 4230 Matth.
623 4178 713 4244 XXlV,
733 4192 773 4227 21.
851 4176 891 4228 28.
915 4178 943 4226 ln
967 4177 1206 4228 Protestationibus
1226 4178 1249 4230 J.
1269 4179 1313 4230 W.
1335 4178 1391 4246 (ed.

403 4265 502 4333 Hofler,
525 4270 600 4315 Anna
619 4281 642 4318 v.
663 4265 830 4330 luxemburg
853 4265 879 4314 in
904 4264 1103 4315 Denkschrihen
1127 4264 1174 4314 der
1192 4265 1303 4315 Wiener
1320 4267 1390 4317 Alta-

402 4352 488 4402 demic
512 4352 630 4418 187os71,
650 4368 675 4417 p.
699 4349 756 4418 147)
775 4351 840 4402 haec
860 4353 1015 4417 protestncio
1035 4353 1115 4402 deest.
