3008 5026
652 377 823 430 JOHANle
841 378 982 429 wicun-⁸
1191 361 1276 442 [cnr.
1290 375 1319 419 x.

325 535 456 600 Christi
501 536 697 599 ordinando
742 535 935 598 remedium
982 542 1106 598 contra
1146 537 1321 597 maculam

325 659 459 719 sponse
483 659 558 716 sue,
593 639 650 703 cui
671 637 805 703 Paulus
829 638 1041 702 contradicit
1065 637 1139 702 Gal.
1162 637 1209 714 II,
1240 659 1320 701 cum

324 762 391 826 pro
414 742 487 805 levi
510 744 617 825 culpa
638 742 675 805 in
697 741 789 806 facie
811 742 945 805 restitit
969 742 1079 805 Petro
1100 760 1210 824 pape;
1235 742 1320 804 ideo

324 846 432 910 nichil
448 846 625 910 infidelius
642 866 745 929 quam
771 866 905 930 negare
929 846 1026 929 quod
1042 855 1136 909 statu
1153 845 1322 927 superior

325 960 363 1013 et
393 950 540 1014 inferior
572 951 690 1034 quoad
722 971 841 1014 mores
868 960 994 1033 potest
1023 949 1156 1032 corripi
1183 971 1203 1011 a
1237 951 1346 1011 sub-5

323 1055 429 1119 iecto.
452 1053 541 1117 Ideo
566 1055 725 1117 secundo
749 1054 907 1136 arguitur
929 1073 997 1136 per
1018 1055 1087 1116 hoc
1104 1053 1201 1135 quod
1225 1072 1322 1134 papa

325 1157 420 1241 gerit
452 1158 488 1220 in
521 1157 626 1221 terris
650 1157 765 1221 vicem
793 1157 926 1221 domini
950 1157 1058 1221 Ihesu
1082 1156 1222 1231 Christi,
1255 1159 1323 1220 sed

324 1261 443 1344 ipsum
465 1281 537 1324 non
560 1260 660 1324 licuit
682 1260 786 1324 alicui
806 1261 999 1343 corripere,
1023 1270 1063 1323 ut
1078 1267 1179 1342 patet
1195 1260 1322 1324 Matth.

325 1363 428 1440 XVI,
447 1385 485 1445 ²³
511 1364 573 1427 ubi
588 1373 738 1447 propter
756 1364 1026 1447 correpcionem
1044 1364 1173 1428 Christi
1189 1363 1322 1428 Petrus

326 1478 476 1531 vocatur
491 1470 666 1550 sathanae,
689 1468 797 1551 igitur
812 1487 880 1531 nec
901 1468 978 1531 eius
994 1468 1110 1531 vicem
1133 1475 1322 1551 gerentem
1337 1490 1366 1524 10

326 1572 412 1635 licet
436 1571 628 1653 corripere.

371 1674 445 1739 Sed
461 1674 528 1738 ista
544 1675 687 1757 argucia
709 1675 812 1738 nimis
830 1674 1013 1750 claudicat,
1038 1695 1117 1738 cum
1136 1683 1324 1757 oporteret

328 1778 448 1842 dicere
465 1779 563 1860 quod
579 1778 693 1841 omnis
705 1778 837 1842 Christi
848 1778 1001 1841 vicarius
1017 1779 1064 1841 sit
1078 1778 1323 1861 impeccabilis

328 1882 420 1947 sicut
436 1881 612 1961 Christus;
636 1892 672 1945 et
695 1882 747 1946 sic
774 1902 862 1945 vere
887 1883 1110 1946 concluditur
1133 1883 1232 1965 quod
1254 1901 1323 1945 nec

328 2006 422 2069 papa
460 2004 527 2048 nec
565 1985 653 2048 alius
693 1985 806 2049 debet
843 1986 974 2068 corripi
1007 1987 1064 2049 vel
1104 1985 1248 2068 corrigi,
1287 1986 1366 2048 inrs

329 2098 500 2172 quantum
524 2089 686 2171 sequitur
708 2099 816 2171 caput
840 2088 1025 2153 Christum.

372 2191 446 2258 Sed
469 2193 582 2256 tercio
607 2192 767 2275 arguitur
790 2194 943 2274 exlege
965 2192 1062 2255 XXI
1086 2193 1324 2258 distinccione

329 2296 429 2360 Nunc
465 2303 581 2361 autem
619 2299 748 2377 diviua,
787 2296 849 2359 ubi
887 2296 1025 2372 dicitur,
1069 2298 1166 2380 quod
1206 2300 1326 2362 niellus

328 2406 528 2464 sartclorum
556 2402 794 2482 episcoporum
817 2419 926 2465 austes
947 2407 995 2465 est
1017 2403 1053 2464 in
1077 2402 1325 2465 Marcellinum

327 2525 463 2586 papam
490 2505 622 2586 inferre
647 2507 865 2584 sentenciam,
893 2508 954 2570 sed
980 2508 1154 2569 dixerunt:
1180 2510 1237 2568 tuo
1266 2524 1370 2569 oraro

332 2610 449 2672 iudica
472 2627 616 2672 causam
636 2615 744 2686 tuam,
766 2627 834 2672 non
851 2616 968 2674 nostro
984 2611 1112 2673 iudicio
1127 2611 1327 2672 sribiacebis.

376 2710 451 2776 Sed
485 2720 627 2775 constat
658 2713 756 2795 quod
787 2713 875 2777 illud
898 2715 1048 2776 verbum
1071 2712 1327 2795 episcoporum

333 2837 405 2879 non
421 2823 546 2898 potest
561 2817 688 2879 tollere
703 2818 825 2899 legem
834 2816 915 2893 Dei,
929 2837 998 2899 qua
1006 2817 1042 2880 in
1054 2815 1327 2898 archiepiscopo

129 2931 191 2977 such
207 2944 220 2974 a
234 2932 302 2975 claim
332 2920 446 2982 Paulo
471 2919 642 3002 corripuit
665 2940 793 3003 papam
816 2920 972 2995 Petrum,
996 2929 1036 2982 ut
1057 2929 1160 3003 patet
1184 2919 1259 2983 Gal.
1279 2917 1326 2980 II.

141 2984 297 3092 liepiiiaihii
333 3023 422 3087 Ideo
454 3024 549 3087 idem
580 3024 676 3087 foret
703 3024 823 3087 dicere
852 3025 950 3107 quod
977 3044 1050 3087 non
1077 3024 1163 3088 licet
1193 3033 1370 3106 papam25

143 3089 295 3144 mmm*
334 3129 515 3211 corripere
548 3137 586 3191 et
618 3128 738 3192 dicere
770 3129 867 3212 quod
900 3138 957 3192 est
987 3129 1227 3212 personaliter
1264 3127 1326 3189 im·

333 3232 528 3315 peccabilis
540 3232 704 3296 dominus
714 3232 1009 3296 IhesusChristus
1019 3233 1078 3295 vel
1088 3231 1328 3315 ipseLucifer,

335 3337 473 3419 quiper
484 3336 752 3418 correptionem
762 3334 1176 3420 fraternamnonlpotest
1186 3334 1328 3417 corrigi.
1358 3344 1420 3411 227⁸

335 3440 440 3503 Unde
465 3459 543 3503 cum
566 3460 661 3522 papa
682 3440 827 3504 racione
850 3440 1035 3523 multiplici
1059 3441 1106 3504 sit
1128 3439 1276 3523 pronior
1291 3446 1330 3502 et

335 3543 571 3625 periculosior
592 3543 629 3606 in
644 3546 841 3625 peccando,
865 3551 1013 3626 oportet
1031 3545 1077 3607 de
1094 3542 1329 3626 correptione
1342 3555 1374 3607 30

337 3657 374 3710 et
398 3646 626 3710 correccione
650 3667 714 3711 sua
736 3648 952 3730 prudencius
976 3667 1190 3731 precavere3
1220 3656 1256 3709 et
1284 3647 1330 3708 ad

336 3752 405 3813 hoc
438 3751 644 3814 ordinantur
665 3754 768 3835 leges
792 3753 955 3830 ecclesie,
988 3763 1028 3817 ut
1059 3762 1161 3835 patet
1184 3751 1330 3814 distinc-

392 4091 430 4137 25.
449 4091 526 4136 Codd.
545 4093 568 4135 in
592 4104 679 4146 marga
701 4092 829 4147 Correptio
848 4093 926 4146 patris
945 4095 1089 4138 necessaria.
1150 4105 1187 4148 27.
1207 4093 1282 4138 Codd.
1306 4095 1330 4137 in

338 4173 424 4214 maru:
439 4159 568 4216 Correpcr'o
580 4173 643 4217 pape
655 4163 728 4206 licita.

396 4282 433 4335 18.
452 4284 554 4335 Decreti
574 4286 662 4335 Prima
682 4286 754 4341 Pars,
772 4286 836 4335 Dist.
856 4286 922 4349 xxi,
941 4301 998 4352 cup.
1012 4286 1066 4338 Vll.
