3008 5026
106 361 166 420 3¹2
659 351 830 404 Joflnruus
848 352 989 404 WYCLIF
1174 337 1256 419 [cnr.
1276 349 1319 396 ru.

123 529 143 574 lt
156 529 177 572 n
191 526 295 582 objectet
368 510 497 575 Tercio
522 510 674 576 obicitur
696 529 762 594 per
783 510 863 589 hoc,
891 512 989 594 quod
1016 510 1117 575 iuxta
1140 509 1199 576 hic
1223 510 1321 577 dicta

113 580 311 693 eviiii‘i‘edi'ine
325 636 391 680 nec
416 623 562 700 oportet
586 636 666 681 esse
690 615 905 698 sacerdotes,
931 634 999 680 nec
1028 624 1177 701 oportet
1203 637 1320 683 sacra·

142 697 209 744 'my
224 685 288 730 Μ’
325 731 481 786 mentum
515 720 647 784 ordinis
667 719 673 808 Ι
691 720 811 786 iterari
841 720 974 785 factum
1004 740 1072 802 per
1103 743 1212 787 unum
1245 743 1320 788 non
1349 730 1409 797 239·

327 826 538 911 episcopum
575 826 640 890 sed
679 824 874 909 simplicem
912 827 1151 902 sacerdotem;
1190 836 1229 891 et
1266 827 1321 893 sic

325 940 519 1017 peccarent
541 930 746 995 sacerdotes
767 930 1016 996 benedicendo
1033 930 1195 1015 aliquem,
1220 933 1347 997 cleri-5

327 1056 450 1101 corum
472 1034 631 1101 ordinem
654 1035 852 1101 omittendo
876 1043 913 1099 et
935 1035 1119 1101 subiectos
1141 1038 1234 1102 ultra
1255 1039 1322 1101 de-

327 1140 440 1205 bitum
464 1141 650 1206 onerando

118 1242 179 1289 ”¹¹⁸
192 1254 229 1288 Μ
243 1242 310 1300 ⁶⁸⁰5·
370 1245 441 1308 Hic
479 1244 607 1308 dicitur
644 1246 809 1330 negando
832 1244 980 1329 primam
1012 1245 1323 1330 consequentiam,

329 1369 408 1413 curn
441 1356 589 1433 oportet
621 1368 701 1413 esse
726 1347 903 1412 Christum
936 1357 972 1412 et
1004 1369 1090 1416 suos
1122 1352 1323 1434 apostolos,

328 1474 412 1539 ymo
437 1474 561 1519 omnes
585 1454 790 1519 sacerdotes
807 1455 1079 1519 sacramentales
1095 1464 1132 1519 et
1148 1455 1324 1520 devotum
1338 1476 1368 1510 10

329 1560 513 1644 populum.
538 1558 672 1624 Scribit
694 1558 786 1623 enirn
810 1559 1038 1642 Augustinus
1060 1559 1140 1624 XX
1163 1561 1208 1624 de
1233 1560 1324 1624 civi·

328 1673 403 1729 tate
434 1664 514 1743 Dei,
552 1663 707 1748 capitulo
742 1664 819 1727 XII
857 1684 966 1747 super
995 1664 1067 1745 illo,
1105 1666 1203 1748 quod
1235 1665 1326 1730 dicit

329 1771 507 1854 propheta
534 1770 650 1852 Apoc.
672 1768 752 1832 XX
775 1790 809 1848 4:
843 1768 1011 1834 Sederunt
1036 1771 1230 1835 sacerdotes
1256 1769 1326 1835 Dei

330 1880 359 1939 ct
382 1872 508 1939 Christi
530 1879 560 1938 et
580 1875 772 1956 regnabunt
793 1892 872 1939 cum
896 1875 970 1956 ipso
993 1875 1089 1939 mille
1111 1875 1230 1944 annis:
1253 1894 1324 1938 non

331 1980 443 2060 utique
469 1979 511 2041 de
536 1980 619 2042 solis
642 1979 806 2061 episcopis
828 1983 858 2041 et
880 1980 1083 2061 presbiteris
1105 1980 1235 2042 dictum
1263 1984 1322 2061 cst,
1337 1984 1366 2035 15

330 2085 389 2165 qui
418 2085 560 2165 proprie
592 2085 665 2147 iam
696 2087 863 2147 vocantur
885 2085 922 2147 in
954 2084 1093 2148 ecclesia
1119 2085 1324 2162 sacerdotes,

330 2189 390 2251 sed
410 2189 497 2252 sicut
519 2205 636 2252 omncs
658 2189 863 2252 christianos
882 2189 1031 2253 dicimus
1048 2194 1194 2270 propter
1208 2189 1324 2252 misti·

332 2311 411 2356 cum
457 2293 622 2370 carisma‚
667 2294 717 2356 sic
753 2310 871 2356 omncs
911 2295 1112 2372 sacerdotes,
1157 2294 1325 2374 quoniam

333 2398 484 2461 membra
506 2402 587 2461 sunt
608 2398 712 2461 unius
734 2399 932 2480 sacerdotis,
955 2400 997 2463 de
1016 2399 1137 2479 quibus
1151 2399 1327 2480 apostolas

332 2502 455 2566 Petrus
482 2503 549 2565 ait:
574 2497 671 2565 Plebs
697 2507 827 2584 sancta,
854 2503 972 2584 regate
994 2504 1238 2567 sacerdocium.
1277 2502 1327 2566 Et
1338 2522 1371 2557 20

333 2605 427 2669 idern
459 2605 545 2670 dicit
577 2605 830 2690 Crysostomus
859 2604 997 2671 Omelia
1018 2606 1087 2670 XL
1118 2607 1154 2670 in
1185 2606 1325 2691 Imper-

335 2709 442 2776 fect0.

117 2827 172 2924 aar?
183 2824 325 2922 ppatnppavcetd⁸
377 2815 435 2878 Ex
457 2813 536 2880 istis
558 2823 667 2898 patet,
684 2815 798 2898 primo
815 2816 912 2899 quod
927 2815 1057 2880 femina
1073 2824 1130 2881 est
1145 2817 1327 2896 sacerdos,

132 2944 157 2976 as
172 2944 233 2992 pore
247 2943 308 2974 were
336 2928 373 2984 et
405 2919 470 3001 (sic
497 2927 537 2984 ut
564 2920 695 2984 dictum
724 2923 791 3003 est)
823 2941 896 2985 non
927 2921 1138 3005 probabitur
1169 2941 1218 2984 ex
1248 2921 1328 2986 iure

171 2982 267 3029 ”mhi
338 3024 507 3089 canonico
531 3025 591 3087 vel
616 3024 711 3089 civili
737 3026 837 3108 quod
868 3027 1071 3108 supradicta
1097 3025 1230 3090 femina
1254 3032 1373 3090 non25

337 3128 383 3192 sit
408 3150 500 3211 papa
515 3130 575 3192 vel
591 3129 688 3213 quod
711 3150 782 3194 non
798 3131 940 3195 valeant
955 3150 1065 3213 opera
1087 3129 1163 3194 eius
1178 3130 1330 3215 papalia

380 3234 488 3298 Patet
524 3235 683 3298 secundo
723 3254 769 3298 ex
808 3234 911 3298 dictis
944 3235 1043 3318 quod
1081 3235 1174 3299 sicut
1204 3255 1332 3300 omnes

338 3338 451 3403 sancti
473 3338 542 3402 viri
565 3347 603 3403 et
624 3338 754 3402 femine
777 3341 934 3403 membra
950 3339 1082 3404 Christi
1109 3347 1192 3404 sunt
1215 3358 1332 3404 sacer·

339 3443 455 3521 dotes,
488 3442 569 3526 quia
602 3452 859 3508 sacramentum
891 3445 1016 3508 dantes
1046 3465 1093 3508 ex
1116 3443 1153 3507 vi
1177 3463 1331 3507 commu·

339 3546 455 3611 nionis
488 3556 700 3627 sanctorum,
739 3548 791 3612 sic
823 3551 937 3613 solum
974 3548 1209 3633 predestinati
1247 3557 1332 3613 sunt
1343 3559 1376 3611 30

339 3654 496 3716 membra
511 3652 641 3718 Christi
663 3655 722 3716 vel
745 3674 827 3737 pars
849 3662 972 3718 sancte
987 3654 1106 3719 matris
1123 3653 1278 3718 ecclesie
1296 3663 1334 3718 et

395 3957 411 3991 r.
427 3947 449 3990 A
464 3946 488 3989 in
503 3956 589 4000 marga
608 3946 691 3990 Tereia
705 3947 834 4003 argaitum·
847 3947 878 3990 ib.
892 3949 915 3992 Α
930 3947 954 3991 ln
969 3959 1057 4004 marga
1072 3954 1089 3998 1.
1104 3952 1125 3992 t.
1179 3948 1201 3993 8.
1216 3948 1295 3994 Codd.
1308 3949 1334 3994 in

342 4028 429 4071 mara:
445 4015 528 4064 Omnes
544 4016 624 4060 sancti
641 4015 767 4061 christiani
783 4023 838 4061 runt
855 4018 995 4062 sacerdotes.
1051 4017 1088 4062 23.
1104 4018 1180 4064 Codd.
1200 4018 1225 4064 in
1244 4031 1334 4076 marga

342 4085 438 4129 Femina
451 4086 562 4130 sacerdos
573 4097 647 4142 papa.

400 4226 438 4265 rr.
457 4212 496 4261 De
515 4211 592 4262 Civit.
612 4212 668 4280 Dei,
687 4212 732 4266 lib.
750 4213 808 4276 XX,
826 4228 883 4279 cap.
903 4214 935 4279 X,
955 4213 1025 4282 Opp.
1045 4224 1110 4267 tom.
1123 4214 1179 4281 Vll,
1197 4229 1257 4281 pag.
1274 4214 1334 4268 588.

345 4312 385 4347 20.
405 4298 423 4348 1.
440 4299 511 4348 Petr.
530 4298 559 4361 ll,
579 4313 605 4365 9.
677 4314 717 4351 αι.
737 4299 807 4365 Opp.
826 4309 891 4352 tom.
910 4300 952 4363 Vl,
971 4298 1032 4351 856.
