3008 5026
653 378 824 431 tonsurus
844 380 983 431 wreus
1175 359 1259 450 [civ.
1268 376 1310 422 vr.

319 533 409 598 libet
430 533 660 599 indivisibilia
677 536 822 601 excedit
838 536 941 610 aliud,
963 555 1043 600 nam
1058 535 1100 598 P.
1116 546 1313 620 superstes,

321 639 382 722 qui
404 638 540 723 incepit
573 661 652 705 cum
675 640 788 704 Paulo
822 660 916 704 nunc
948 640 1135 704 desinente
1167 650 1223 706 est
1245 663 1314 725 per

319 744 455 808 instans
479 745 655 829 antiquior
678 766 782 828 quarn
814 745 882 808 fuit
896 744 1028 808 Paulus
1043 745 1103 809 vel
1124 745 1220 829 ipse;
1243 767 1313 812 nec

320 859 377 914 est
408 849 583 933 possibile
616 870 722 914 unum
757 850 961 914 continuum
982 849 986 932 Ι
1006 869 1072 933 per
1094 850 1313 916 indivisibile
1345 860 1403 931 ¹92¹

320 956 499 1019 excedere
523 953 616 1018 aliud
638 954 706 1018 nisi
730 954 943 1019 indivisibile
966 955 1101 1018 faciens
1118 956 1162 1019 ad
1177 956 1339 1021 maiori-5

319 1069 428 1124 tatem
445 1059 521 1124 eius
537 1059 584 1124 sit
598 1081 681 1144 pars
698 1060 777 1124 talis
794 1060 944 1142 maioris
967 1069 1007 1124 ut
1023 1069 1079 1123 est
1095 1060 1131 1124 in
1147 1062 1313 1127 numeris.

319 1164 365 1229 Et
388 1165 439 1229 sic
462 1174 587 1249 potest
610 1166 712 1249 argui
728 1167 774 1230 de
797 1175 892 1230 statu
915 1165 1076 1230 sanitatis
1092 1166 1151 1229 vel
1171 1165 1314 1231 infirmi·

319 1270 409 1351 tatis,
432 1273 478 1335 de
503 1291 573 1354 quo
589 1271 668 1354 quis
684 1271 862 1335 meritorie
886 1271 1054 1335 continue
1075 1270 1173 1334 elicit
1196 1279 1313 1334 actum

320 1375 485 1457 caritatis,
512 1377 703 1458 gaudendo
728 1385 764 1440 et
791 1376 967 1440 laudando
991 1377 1108 1440 Deum
1133 1376 1179 1439 de
1202 1384 1313 1450 statu3

320 1489 357 1545 et
394 1489 497 1564 patet
534 1483 632 1564 quod
670 1490 770 1545 actus
808 1481 1016 1545 terminatur
1049 1479 1236 1544 exclusive
1269 1483 1314 1545 ad
1328 1507 1357 1540 ιο

317 1585 453 1649 instans
486 1595 525 1650 ut
554 1585 685 1650 sanitas
717 1588 776 1650 vel
799 1586 991 1665 infirmitas,
1020 1595 1057 1648 et
1080 1586 1132 1666 (ut
1154 1583 1312 1668 videtur)

321 1698 377 1765 est
401 1691 568 1755 continue
592 1711 709 1755 novus
733 1701 843 1773 actus,
871 1690 965 1755 sicut
988 1690 1156 1754 continue
1179 1711 1313 1755 novum

320 1796 510 1878 obiectum,
535 1798 579 1860 ad
595 1799 693 1881 quod
709 1807 808 1861 actus
830 1796 1073 1860 essencialiter
1094 1795 1312 1862 terminatur.

318 1901 365 1964 Et
387 1900 435 1964 ita
456 1902 599 1966 videtur
622 1901 718 1986 quod
746 1903 859 1984 captis
884 1902 1023 1964 duobus
1045 1900 1310 1983 predestinatis,

319 2026 468 2089 quorum
491 2006 595 2090 primi
625 2007 788 2071 meritum
819 2006 1029 2070 terminetur
1057 2005 1243 2070 exclusive
1267 2008 1312 2070 ad
1326 2014 1354 2066 ιε

320 2112 508 2194 septimum
546 2114 706 2194 gradum,
745 2121 782 2176 et
813 2112 961 2175 secundi
998 2112 1110 2175 totale
1148 2111 1311 2176 meritum

318 2215 528 2281 terminetur
559 2217 731 2281 inclusive
764 2218 808 2280 ad
832 2219 983 2280 eundem
1006 2217 1165 2300 gradum,
1197 2224 1311 2280 status

317 2320 467 2404 primum
499 2322 535 2385 in
566 2323 680 2405 patria
702 2323 1026 2405 correspondenter
1052 2341 1093 2385 se
1114 2322 1312 2400 habebunt;

319 2446 387 2489 nee
411 2428 602 2511 negabitur
634 2429 862 2506 antecedens
896 2448 973 2490 eum
1006 2434 1077 2490 stat
1100 2427 1145 2489 de
1169 2426 1311 2490 duobus

318 2533 572 2615 predestinatis
604 2555 710 2597 unum
735 2533 918 2596 exclusive
943 2541 980 2595 et
1006 2532 1110 2595 alium
1133 2531 1310 2595 inclusive
1321 2556 1354 2590 20

319 2637 477 2720 incipere
515 2639 644 2702 mereri
682 2641 725 2701 ab
766 2639 893 2702 eodem
923 2636 1077 2701 instanti.
1114 2635 1312 2719 Postquam

319 2744 539 2826 originaliter
576 2745 762 2827 peccando
802 2744 970 2807 continue
1016 2741 1239 2805 antefuerant
1275 2742 1312 2805 in

319 2849 459 2912 mortali
478 2858 515 2913 et
531 2849 698 2913 continue
720 2847 893 2931 equaliter
908 2848 1078 2911 merendo
1098 2868 1165 2930 pro
1182 2848 1312 2910 eodem

318 2953 462 3018 instanti
486 2956 672 3019 decedant.
706 2953 855 3018 Constat
878 2954 1021 3035 quidem
1050 2954 1147 3034 quod
1169 2961 1312 3016 actuum

319 3060 480 3122 merendi
513 3059 637 3142 aliquis
670 3069 727 3123 est
753 3059 988 3138 successivus,
1017 3057 1117 3121 cuius
1143 3057 1353 3140 incepci025

321 3173 377 3229 est
400 3185 466 3248 per
487 3166 728 3229 remocionem
762 3165 806 3227 de
830 3163 1002 3246 presenti,
1035 3171 1071 3225 et
1094 3161 1220 3245 aliquis
1242 3183 1312 3245 per

319 3269 541 3353 posicionem
565 3271 610 3333 de
633 3269 803 3352 presenti.
827 3267 887 3333 Sic
905 3267 996 3331 enim
1014 3266 1175 3331 Christus
1190 3267 1313 3350 potuit

318 3374 477 3457 incipere
515 3394 692 3457 purgasse
725 3373 923 3456 Baptistam
960 3374 1004 3435 ab
1043 3370 1206 3456 originali
1244 3392 1311 3455 pro

320 3481 433 3563 primo
450 3478 594 3542 instanti
617 3479 671 3542 sui
696 3499 784 3558 esse,
810 3487 847 3541 et
870 3477 973 3541 alium
997 3495 1218 3540 communem
1243 3476 1313 3540 sibi

321 3596 357 3648 et
389 3585 529 3648 aliunde
563 3585 719 3667 undique
750 3604 872 3667 parem
905 3603 1046 3646 creasse
1075 3582 1112 3645 in
1133 3581 1252 3665 gracia
1276 3591 1312 3646 et
1322 3590 1354 3640 30

319 3691 541 3754 beatificasse
575 3711 638 3753 eos
672 3690 998 3772 correspondenter
1030 3687 1074 3749 ad
1105 3686 1240 3765 merita,
1275 3696 1312 3751 et

320 3796 371 3858 sie
396 3796 441 3857 de
464 3796 559 3858 mille
593 3796 734 3859 casibus
766 3793 999 3877 possibilibus
1027 3801 1064 3856 et
1087 3793 1132 3854 de
1155 3791 1251 3855 facto
1274 3792 1311 3855 in

320 3900 449 3983 quibus
472 3901 671 3983 implicatur
694 3921 799 3963 unum
821 3907 988 3982 quantum
1012 3898 1193 3961 excedere
1217 3896 1312 3960 aliud

319 4026 385 4088 per
415 4004 641 4071 indivisibile.
682 4006 739 4068 Ex
772 4005 900 4088 quibus
933 4011 1079 4086 oportet
1109 4004 1310 4067 concedere

321 4110 470 4192 aliquam
510 4129 590 4173 esse
627 4109 812 4172 maximam
855 4117 993 4191 partem
1031 4106 1351 4190 quantitativam‚35

361 4361 378 4392 1.
392 4347 419 4392 ll.
434 4347 503 4392 codd.
545 4348 567 4393 6.
583 4350 692 4392 numeris.
703 4348 777 4394 Cod.:
788 4353 851 4392 m'ur.
908 4359 930 4404 7.
941 4348 958 4392 B
968 4348 992 4392 in
1003 4357 1090 4403 marga
1106 4345 1180 4391 Carus
1191 4347 1308 4392 romhilda.
