3008 5026
459 401 502 451 DE
523 401 733 453 POTESTATE
754 403 849 452 ΡΑΡΕ.

160 580 232 644 quo
264 558 410 642 fingitur
444 561 541 641 quod
572 560 698 624 melius
729 559 827 624 foret
857 559 1038 645 corrigere
1062 562 1147 627 cleri

160 665 369 749 cupidinem,
403 672 436 728 et
460 666 616 728 declarat
638 665 752 748 primo
776 666 957 749 quomodo
973 666 1146 732 debemus

157 770 194 834 in
223 771 302 833 Deo
335 770 525 846 confidere,
558 771 716 833 secundo
750 770 931 852 quomodo
957 770 1058 835 Deus
1086 771 1148 835 dat

160 874 349 957 dupliciter
371 878 467 938 bona
489 893 553 937 sua
576 882 613 937 et
635 873 745 938 tercio
776 875 954 957 quomodo
979 883 1035 938 est
1062 876 1146 939 dare

135 977 338 1061 §duplicem
367 977 574 1042 clericorum
598 976 769 1055 ordinem,
800 977 938 1041 scilicet
965 997 1146 1042 cesareum

70 1090 131 1156 264⁸
160 1091 197 1145 et
213 1081 378 1148 divinum.
402 1082 573 1164 Quartum
593 1091 835 1166 argumentum
848 1079 852 1168 l
863 1082 979 1164 tangit
993 1084 1039 1146 de
1057 1081 1146 1147 iura·

159 1195 278 1250 mento
300 1186 393 1251 facto
403 1185 568 1250 Romane
579 1186 732 1250 ecclesie
756 1196 793 1255 et
813 1186 1015 1251 dissolvens
1031 1187 1146 1272 tangit

158 1291 432 1373 perplexitatem
461 1290 613 1354 ecclesie
641 1299 747 1372 atque
774 1289 970 1355 remedium
995 1291 1144 1357 istorum

157 1414 335 1477 paparum.
373 1393 542 1476 Quintum
574 1402 818 1478 argumentum
850 1393 961 1459 obicit
987 1415 1055 1478 per
1084 1396 1144 1459 de·

119 1527 148 1561 10
159 1508 293 1563 cretum
308 1499 491 1584 Jeronymi
506 1501 552 1562 de
568 1498 786 1562 excellencia
801 1498 965 1563 Romane
981 1500 1144 1580 ecclesie,

159 1613 194 1666 et
227 1605 408 1668 declarans
449 1603 534 1686 quid
567 1612 622 1666 est
653 1602 815 1666 Romana
846 1603 997 1667 ecclesia
1038 1606 1146 1669 docet

158 1710 253 1790 quod
268 1709 482 1790 Jeronymus
499 1706 714 1770 credibiliter
730 1717 764 1770 et
784 1707 987 1789 reputative
1002 1709 1143 1773 locutus

158 1821 223 1887 est,
253 1822 290 1874 et
316 1812 488 1875 narrando
517 1814 562 1874 de
590 1811 740 1874 novellis
763 1811 950 1875 heresibus
978 1820 1015 1874 et
1037 1811 1143 1875 fatuis

158 1938 276 1980 earum
299 1916 579 1998 inposicionibus
610 1915 714 1999 ponit
741 1916 825 1998 quid
851 1924 905 1979 est
932 1925 969 1978 et
994 1915 1143 1998 qualiter

117 2021 384 2084 15senciendum
409 2021 452 2082 de
475 2019 552 2083 istis
575 2021 690 2102 papis,
724 2020 873 2085 Sextum
897 2029 1143 2101 argumentum

157 2135 212 2188 est
236 2125 367 2188 dictum
390 2124 525 2188 floridis
542 2125 801 2208 Lynconiensis
817 2127 861 2187 de
878 2124 1143 2207 preeminencie

155 2250 248 2312 pape
282 2239 319 2292 et
351 2229 576 2293 cardinalium
609 2231 706 2312 quod
738 2229 852 2312 primo
891 2229 1051 2311 exponit,
1089 2249 1140 2293 se·

156 2336 272 2396 cundo
307 2335 414 2395 docet
443 2333 631 2415 tripliciter
663 2334 759 2416 quod
792 2353 863 2396 non
901 2342 955 2396 est
983 2343 1054 2397 tam
1082 2355 1140 2397 ne·

155 2437 329 2501 cassarius
345 2437 512 2501 articulus
528 2437 611 2500 fidei
635 2439 782 2501 credere
804 2438 863 2501 isti
886 2458 992 2521 pape,
1014 2438 1139 2522 inquo

111 2567 143 2601 πο
155 2544 311 2604 declarat
334 2541 419 2624 quid
442 2550 499 2605 est
523 2542 623 2606 fides.
653 2542 780 2605 Tercio
801 2545 930 2624 probat
956 2542 1143 2625 tripliciter

155 2645 252 2727 quod
282 2646 365 2708 licet
397 2645 547 2709 subditis
580 2666 710 2730 papam
743 2646 938 2728 corripere3
980 2656 1017 2709 et
1049 2646 1142 2710 tollit

154 2750 333 2813 obiectum
356 2750 541 2832 triplicem.

198 2851 394 2936 Capitulum
427 2855 650 2918 undecimum
683 2855 794 2918 obicit
826 2855 940 2937 primo
970 2876 1035 2937 per
1072 2856 1140 2918 hoe

154 2960 251 3041 quod
268 2960 312 3020 de
329 2960 410 3041 lege
427 2968 551 3020 nature
569 2968 604 3021 et
619 2960 702 3043 lege
718 2959 832 3021 veteri
847 2968 991 3040 oportet
1002 2959 1140 3022 unicum

109 3071 234 3127 25esse
249 3071 423 3125 rectorem
451 3061 683 3145 principalem
714 3063 876 3142 ecclesie,
909 3071 945 3125 et
976 3062 1141 3126 dissolvit

153 3168 386 3230 concedendo
403 3165 676 3230 conclusionem.
700 3165 774 3230 Sed
790 3186 856 3249 pro
873 3167 1018 3230 materia
1034 3167 1141 3230 docet

151 3273 264 3356 primo
297 3273 477 3354 quomodo
514 3290 664 3333 necesse
697 3281 752 3334 est
780 3291 860 3335 esse
889 3291 1015 3354 papam
1044 3291 1139 3334 cesa-

151 3395 258 3452 reum,
288 3386 323 3438 et
346 3375 568 3456 distinguens
593 3375 637 3437 de
661 3373 794 3457 duplici
821 3385 971 3457 peccato
996 3375 1139 3452 ordinis,

151 3478 294 3542 adducit
317 3479 448 3561 triplex
465 3477 704 3541 testimonium
720 3478 917 3541 Bernhardi
940 3479 1053 3561 qualis
1079 3480 1138 3541 de-

108 3585 234 3646 3obeat
257 3602 337 3645 esse
362 3603 463 3664 papa,
498 3598 533 3645 et
561 3581 768 3645 describens
796 3584 1014 3645 sacerdotem
1043 3602 1137 3646 cesa·

150 3707 257 3768 reum,
282 3686 367 3749 dicit
391 3689 487 3768 quod
512 3686 607 3749 foret
623 3687 820 3768 expediens
838 3685 989 3749 ecclesie
1006 3688 1138 3750 nullum

149 3793 253 3855 talem
278 3811 367 3855 esse.

192 3897 239 3959 Et
271 3896 461 3960 obiciendo
495 3906 618 3958 contra
641 3895 922 3978 descripcionem
951 3896 1068 3957 datam
1092 3895 1138 3957 de

149 4020 251 4083 papa,
276 4002 432 4064 declarat
454 4000 634 4084 quomodo
659 4008 806 4082 oportet
826 3999 893 4063 rite
920 4001 1071 4062 electum
1088 4001 1134 4061 ab

106 4115 138 4167 35
149 4104 290 4167 homine
306 4125 326 4166 a
341 4105 421 4167 Deo
437 4103 599 4186 preeligi,
619 4114 655 4167 et
671 4105 825 4166 declarat
840 4102 1027 4185 tripliciter
1049 4122 1135 4184 quo·

207 4327 243 4378 16.
264 4329 381 4378 Rectius:
405 4329 511 4378 Florum
532 4329 719 4379 Historiarum.
741 4329 806 4379 Vide
826 4344 905 4394 supra
923 4345 949 4395 p.
969 4330 1028 4381 223.
