3008 5026
184 2336 236 2381 The

132 2391 284 2485 aegiptum

651 375 820 425 JOHANNIS
839 373 980 424 wvctte
1156 359 1239 440 [CAP.
1260 371 1312 416 ΧΠ.

321 531 419 614 quod
435 529 595 594 Christus
612 531 786 614 propheta
809 550 964 594 summus
988 529 1191 613 prediceret
1214 531 1312 614 peri-

322 637 399 699 cula
421 635 552 699 maiora
575 635 737 713 ecclesie,
771 635 901 719 quibus
933 656 1004 699 non
1038 644 1095 699 est
1117 635 1228 699 maius
1252 639 1315 700 vel

320 740 525 804 blasfemius
564 761 667 823 quam
703 760 782 805 cum
814 740 888 804 vita
922 761 1014 823 yma,
1053 748 1092 803 ut
1128 742 1315 804 declarant

321 843 519 928 Gregorius
552 855 589 909 et
611 846 848 925 Bernhardus,
881 844 1072 908 vendicare
1106 844 1315 928 pompatice

322 957 450 1014 statum
468 949 606 1014 Christi.
631 949 717 1014 Cum
740 950 850 1033 igitur
871 951 938 1013 hoc
962 970 1052 1033 sepe
1073 949 1250 1033 contingit
1266 952 1342 1013 des

320 1074 424 1138 papa,
449 1065 488 1116 ut
504 1062 605 1138 patet
621 1074 667 1117 ex
684 1054 836 1118 cronicis
858 1055 1030 1138 allegatis,
1050 1053 1193 1118 videtur
1213 1054 1316 1137 quod

321 1157 482 1222 Christus
516 1159 641 1222 debuit
672 1158 868 1242 periculum
895 1158 982 1221 illud
1004 1157 1196 1242 predicere.
1237 1157 1316 1223 Sed

322 1263 383 1326 ubi
416 1263 635 1346 expressius,
668 1285 771 1347 quam
795 1263 919 1327 Matth.
942 1263 1084 1341 XXIV,
1114 1283 1148 1342 15
1175 1263 1317 1328 dicens:

324 1365 411 1433 Cum
444 1369 598 1433 videritis
628 1371 945 1433 abhominacionem
977 1368 1210 1446 desolacionis,
1249 1387 1317 1449 quc

322 1473 413 1535 dicia
436 1478 484 1536 cst
506 1493 528 1536 a
552 1473 695 1537 Daniele
715 1475 881 1556 propheta
902 1479 1011 1537 stante
1034 1471 1069 1536 in
1092 1475 1162 1536 loco
1182 1479 1315 1554 sancto,
1332 1497 1364 1532 ιο

320 1578 379 1657 qui
401 1579 491 1658 legit,
514 1579 691 1659 intelligat.
737 1577 849 1642 Daret
877 1586 992 1642 autem
1021 1577 1136 1640 fidelis
1165 1597 1316 1661 operam

323 1682 367 1744 ad
381 1681 649 1765 intelligendum
665 1683 758 1746 hunc
774 1693 908 1748 textum
924 1692 1076 1767 propter
1096 1682 1171 1761 tria,
1194 1682 1316 1765 primo

322 1786 405 1868 quia
443 1795 500 1850 est
542 1795 666 1850 textus
711 1786 778 1850 viri
823 1787 1087 1863 desideriorum,
1132 1794 1171 1849 ut
1209 1794 1318 1869 patet

322 1890 451 1954 Daniel
475 1891 541 1969 IX,
566 1893 725 1955 secundo
749 1890 831 1974 quia
856 1899 912 1955 est
934 1899 1058 1956 textus
1082 1889 1317 1973 evangelicus

323 2013 343 2058 a
380 2014 513 2058 summa
552 1994 733 2079 sapiencia
770 1995 958 2079 repetitus,
1003 2005 1040 2059 et
1077 1993 1188 2060 tercio
1228 1994 1364 2077 quiere

323 2099 483 2164 Christus
523 2120 569 2163 ex
611 2120 738 2183 magna
777 2120 883 2164 causa
914 2100 1070 2184 precipit
1107 2100 1205 2183 quod
1242 2100 1317 2162 hoc

322 2203 449 2289 legens
473 2207 588 2287 ipsum
611 2203 794 2288 intelligat.

366 2308 604 2391 Expositores
615 2317 731 2373 autem
742 2309 926 2373 verificant
939 2309 1026 2373 illud
1036 2309 1081 2372 de
1091 2308 1318 2391 Antichristo

164 2454 171 2484 1
216 2454 237 2485 ,ς
325 2412 560 2477 concorditer.
599 2411 673 2478 Sed
698 2413 757 2477 alii
779 2414 964 2477 verificant
990 2415 1060 2477 hoc
1083 2415 1128 2477 de
1152 2412 1317 2476 Adriano

125 2495 285 2538 abomination

119 2550 143 2589 ot
157 2547 295 2590 desolation.

322 2516 537 2600 imperatore
560 2519 619 2581 vel
643 2519 722 2597 alio,
747 2517 808 2601 qui
830 2518 953 2601 posuit
976 2526 1125 2582 statuam
1148 2517 1317 2600 imaginis
1331 2546 1363 2580 20

323 2642 387 2685 sue
409 2621 446 2685 in
468 2624 603 2706 templo
618 2622 771 2688 Domini.
794 2624 840 2687 Et
863 2624 920 2686 alii
938 2623 1079 2706 fingunt
1101 2642 1229 2686 sensus
1254 2643 1316 2685 ex·

323 2734 475 2793 traneos.
512 2726 621 2791 Michi
654 2736 769 2792 autem
802 2728 944 2792 videtur
976 2729 1073 2811 quod
1100 2727 1206 2790 nichil
1230 2728 1316 2811 plus

324 2833 519 2896 concordat
551 2853 630 2896 cum
654 2833 757 2897 litera
788 2834 847 2896 vel
876 2832 1120 2898 ebdomatibus
1151 2832 1315 2895 Danielis

323 2956 426 3018 quam
461 2937 677 3020 exponendo
711 2938 781 3001 hoc
813 2937 859 3000 de
891 2939 1137 3021 pseudopapa,
1171 2936 1232 3019 qui
1258 2945 1316 3000 est

323 3041 531 3123 potissimus
563 3040 815 3106 Antichristus.
862 3042 903 3104 In
935 3043 1004 3106 hoc
1038 3042 1130 3106 enim
1163 3050 1220 3104 est
1253 3043 1358 3103 sib-25

321 3144 520 3208 hominacio
546 3146 791 3227 desolacionis,
825 3155 863 3211 ut
886 3167 994 3230 supra
1023 3146 1185 3230 exposui.
1221 3145 1315 3209 Nam

323 3249 552 3313 communitas
591 3251 877 3315 abhominaretur
920 3252 1052 3315 sentire
1095 3271 1202 3315 unum
1243 3250 1314 3312 fin-

323 3363 467 3438 gentem
499 3374 690 3437 personam
724 3355 855 3419 Christi
885 3355 921 3419 in
952 3355 1142 3420 interludio
1176 3352 1313 3441 estivo!

323 3466 360 3522 et
391 3478 501 3542 super
531 3460 598 3523 hee
628 3469 730 3525 extra
756 3459 903 3524 formam
925 3460 1000 3524 ludi
1028 3460 1216 3524 facientem
1242 3467 1315 3522 tur·
1347 3476 1406 3535 εμὲ

322 3563 480 3647 pidinem
513 3565 572 3626 vel
606 3566 821 3648 loquentem,
855 3574 987 3648 quanto
1016 3564 1139 3651 magis,
1168 3564 1313 3647 quando
1327 3577 1360 3627 30

323 3669 403 3751 quis
436 3669 618 3751 pretendit
648 3669 822 3733 vivaciter
853 3679 1030 3754 tamquam
1068 3670 1314 3754 spectaculum

323 3772 391 3836 toti
423 3774 585 3852 ecclesie,
619 3777 714 3856 quod
746 3775 839 3857 gerit
873 3795 1064 3858 personam
1097 3774 1236 3852 Christi,
1276 3783 1315 3837 et

322 3885 439 3939 tamen
481 3878 734 3943 committendo
780 3887 931 3962 peccata
974 3877 1179 3962 turpissima
1222 3877 1316 3941 vivit

324 3978 463 4045 Christo
496 4003 630 4046 summe
664 3985 848 4048 contrarie.
888 3984 977 4062 Hec,
1009 3984 1159 4066 inquam,
1182 3983 1314 4045 nedum

325 4093 380 4148 est
412 4087 654 4152 abhominacio
688 4097 726 4152 ut
757 4089 792 4152 in
824 4090 909 4153 ludo
943 4090 1009 4152 sed
1033 4087 1225 4164 desolaci0,
1253 4087 1359 4153 de-35

376 4325 414 4370 35.
431 4326 458 4368 ll:
475 4327 574 4370 includo.
