3008 5026
133 1303 287 1366 Augustine's

138 1364 278 1412 expouuon.

649 401 818 451 ,romulus
839 400 979 450 wreus
1160 379 1244 466 [cm.
1265 393 1314 437 ιιι.

324 565 363 621 ut
384 566 485 621 notat
501 557 726 640 Augustinus
749 557 785 620 in
801 556 858 619 De
875 555 1096 642 Cognicione
1113 554 1211 618 Vere
1227 554 1315 618 Vite

323 681 440 745 prope
472 662 589 726 finem.
636 661 712 725 Nec
744 663 833 744 phas
867 668 923 725 est
953 660 1139 744 imponere
1170 659 1208 722 in
1246 660 1314 724 hoc

323 765 423 829 militi
440 765 570 831 Christi
586 765 816 831 mendacium.
839 766 886 828 Et
908 765 976 829 ista
998 764 1184 828 maledicta
1200 763 1315 827 stacio

322 870 533 934 Antichristi
563 870 721 954 implicat
750 870 868 955 ipsum
901 871 1039 947 sedere,
1071 869 1153 953 quia
1174 889 1195 932 a
1217 868 1317 931 mini·

324 975 433 1039 sterio
458 974 590 1039 Christi
621 977 665 1039 ad
698 977 794 1058 quod
823 976 1045 1039 excellenter
1072 975 1138 1037 sed
1160 973 1250 1037 false
1276 983 1341 1036 ses

324 1080 461 1163 obligat
492 1080 676 1144 ocientem.
715 1081 761 1143 Et
792 1080 860 1144 ista
883 1089 940 1144 est
962 1080 1051 1142 mala
1074 1077 1189 1143 sessio
1214 1078 1316 1161 spiri·

322 1184 435 1251 tualis

369 1287 536 1354 Secundo
552 1291 746 1354 notandum
763 1291 860 1373 quod
877 1288 1104 1372 Augustinus
1127 1286 1163 1350 II
1186 1289 1244 1350 De
1261 1285 1316 1350 Ci-

324 1392 435 1457 vitate
451 1393 521 1458 Dei
545 1395 646 1478 quasi
669 1415 737 1479 per
760 1403 872 1459 totum
890 1413 1078 1477 exponens
1102 1392 1315 1474 scripturam

324 1498 370 1562 de
393 1497 625 1579 Antichrist0,
649 1499 852 1583 specialiter
874 1497 1124 1582 Apokalipsim
1146 1495 1315 1559 Iohannis
1329 1525 1359 1559 ιο

325 1610 362 1666 et
384 1602 614 1685 propheciam
637 1604 800 1668 Danielis
830 1604 923 1667 inter
951 1613 1072 1667 cetera
1096 1600 1253 1684 capitulo
1278 1599 1315 1663 11

325 1707 476 1789 exponit
492 1716 630 1771 textum
641 1708 841 1792 predictum
856 1707 1009 1792 apostoli
1024 1709 1070 1772 de
1080 1704 1314 1770 Antichristo.

323 1810 462 1875 'sextus
494 1820 611 1875 autem
633 1812 814 1896 Apostoli,
847 1832 953 1894 quem
975 1811 1200 1894 Augustinus
1229 1807 1316 1872 dicit

323 1916 529 1980 nullomodo
545 1918 834 1999 pretereundum,
857 1916 893 1979 in
908 1916 1041 1980 nostris
1059 1913 1244 1978 codicibus
1266 1913 1316 1976 ita

323 2019 432 2084 iacet:
464 2020 541 2086 Non
564 2023 775 2103 terreamini,
807 2024 907 2103 quasi
935 2023 1034 2085 instet
1060 2021 1134 2084 dies
1161 2019 1356 2098 Dominio

324 2127 499 2208 quonium,
522 2125 646 2209 inquit,
671 2127 738 2190 nisi
760 2127 887 2191 venerit
905 2126 1071 2189 dissensio
1089 2125 1262 2207 primum,
1286 2127 1317 2186 et

324 2231 495 2295 revelatus
506 2229 618 2310 fucrit
632 2232 732 2296 homo
742 2231 885 2314 peccati,
898 2231 1001 2310 filius
1011 2229 1234 2311 perdicionis,
1257 2227 1318 2308 qui

326 2335 533 2398 adversatur
555 2341 584 2398 et
611 2336 780 2399 extollitur
809 2353 917 2417 super
942 2352 1043 2397 omne
1072 2333 1161 2414 quod
1188 2332 1318 2395 dicitur

326 2437 429 2516 Deus,
453 2443 514 2502 aui
534 2440 624 2521 quod
645 2441 776 2518 colitur,
800 2440 850 2502 ita
864 2445 901 2502 ut
916 2440 952 2502 in
968 2440 1092 2521 templo
1109 2438 1175 2502 Dei
1189 2438 1316 2517 sedeat,

325 2544 501 2607 ostendens
522 2564 558 2607 se
579 2550 756 2626 tamquam
781 2547 854 2626 ipse
884 2545 928 2608 sit
950 2543 1054 2626 Deus,
1086 2543 1216 2626 supple
1248 2540 1318 2604 nisi
1328 2570 1360 2605 ιο

326 2648 405 2711 talis
430 2647 670 2713 Antichristus
693 2648 792 2733 prius
814 2647 962 2729 venerit,
994 2668 1067 2711 non
1089 2646 1211 2710 veniet
1238 2644 1317 2708 dies

326 2751 461 2831 iudicii;
487 2754 573 2816 uirili
594 2754 736 2817 dubium
761 2759 817 2825 est,
841 2752 955 2835 inquit
976 2751 1212 2836 Augustinus,
1236 2769 1316 2814 eum

326 2858 367 2920 de
379 2857 583 2922 Antichristo
607 2860 670 2922 isto
685 2859 821 2937 dixisse,
844 2858 939 2921 unde
953 2857 1153 2940 Apostolus
1169 2852 1315 2939 videns!

328 2962 654 3026 abhominacionem
671 2961 915 3040 desolacionis,
931 2982 998 3044 pro
1016 2962 1141 3025 dolore
1157 2958 1318 3042 loquitur
1345 2976 1403 3035 ψ·

326 3065 535 3149 interrupte,
559 3066 651 3131 sicut
674 3067 834 3132 Christus
856 3066 984 3129 videns
1008 3074 1195 3150 peccatum
1214 3055 1359 3145 Jeru·25

328 3172 436 3233 salem
467 3170 568 3235 flevit
600 3171 733 3251 dicens,
767 3171 848 3254 quia
880 3171 910 3234 si
942 3170 1178 3254 cognovisses
1207 3177 1244 3233 et
1265 3177 1317 3250 tu,

328 3276 457 3359 supple
480 3283 668 3358 peccatum
691 3284 789 3340 tuum
814 3284 850 3339 et
873 3295 1002 3358 penam
1025 3274 1156 3338 exinde
1180 3273 1246 3338 tibi
1267 3273 1317 3337 in·

327 3378 527 3464 fligendam,
565 3389 604 3444 tu
634 3379 751 3463 fleres,
790 3388 828 3444 ut
860 3400 929 3463 ego
968 3389 1004 3443 te
1042 3377 1167 3443 defleo.
1210 3377 1318 3442 Unde

329 3483 530 3567 Apostolus
554 3492 818 3567 consequenter
841 3485 996 3548 declarat
1012 3482 1224 3547 Antichristi
1240 3503 1317 3546 ver·

328 3587 444 3653 sucias
459 3587 495 3651 in
510 3590 578 3652 hec
593 3591 719 3653 verba:
743 3589 820 3654 Non
835 3591 995 3662 retinetis,
1018 3591 1108 3671 quod
1127 3608 1205 3653 cum
1222 3590 1320 3671 apud
1330 3601 1363 3653 30

328 3711 387 3756 vos
409 3712 526 3774 essem,
548 3695 606 3757 trec
620 3696 773 3759 dicebam
789 3696 890 3772 vobis,
914 3700 944 3758 et
959 3713 1049 3757 nunc
1062 3694 1145 3775 quid
1160 3693 1319 3775 detineat,

329 4036 345 4081 d
381 3979 404 4022 9.
418 3967 507 4011 codd:
525 3967 570 4011 Dei
582 3968 655 4011 deest.
711 3967 744 4012 15.
758 3970 780 4012 A
795 3968 817 4012 in
834 3980 921 4023 marg.:
940 3969 1097 4013 Antichristus
1110 3970 1226 4024 quomodo
1240 3973 1319 4013 osten·

345 4039 401 4081 itur.

386 4180 405 4216 1.
426 4165 495 4230 Opp.
514 4174 577 4214 tom.
598 4165 641 4230 Vl,
660 4167 729 4230 App.
747 4165 790 4228 Vl,
813 4164 897 4228 182t3.
969 4165 993 4216 8.
1018 4167 1088 4232 Opp.
1110 4174 1176 4217 tom.
1190 4167 1245 4232 Vll,
1270 4166 1320 4230 587

330 4253 389 4301 Non
419 4262 457 4301 est
484 4252 523 4301 De
548 4252 658 4301 Ciuitate
682 4253 730 4301 oei
756 4253 784 4314 ll,
813 4253 859 4302 sed
884 4253 938 4304 llll.
1029 4254 1068 4304 15.
1093 4255 1121 4305 ll.
1139 4253 1215 4305 Tess.
1241 4254 1270 4314 ll,
1295 4268 1319 4305 a.

332 4340 372 4390 30.
392 4339 421 4387 ll.
440 4337 534 4390 Thess.
555 4339 583 4399 ll,
605 4340 697 4392 5-11.
