3008 5026
174 423 242 467 cm».
257 407 309 496 nc]
471 427 515 477 os
536 426 746 479 notescere
766 429 866 478 esee.

175 586 327 648 cundum
342 583 505 647 raciones
515 584 595 646 Deo
605 586 844 662 absconditas
855 606 949 649 nunc
966 607 1035 649 uno
1048 588 1163 664 modo,

175 710 267 753 nunc
291 690 369 770 alio,
391 689 427 752 in
451 688 595 751 formam
619 688 734 773 polipi
757 692 816 753 vel
840 690 978 754 abiecte
1007 691 1163 770 materie,

175 794 303 877 quibus
326 793 486 876 procella
508 795 732 856 tenebrarum
757 804 937 878 perpetuo
964 805 1086 878 parata
1109 805 1165 861 est

174 907 259 981 post
282 898 375 960 diem
398 897 527 961 iudicii.
555 897 736 980 Prepesiti
761 908 877 962 autem
899 909 936 963 et
959 900 1164 982 specialiter
1196 911 1357 1007 ‚iiiii‘iiiil

150 1006 329 1066 isummus
361 1001 527 1085 pontifex
561 1001 727 1066 timerent
759 1002 826 1066 sibi
865 1004 909 1066 de
949 1024 1057 1068 sensu
1094 1007 1163 1069 hoc
1183 1014 1371 1070 humansrum.

174 1107 312 1171 mistico
352 1115 389 1170 et
426 1106 628 1189 specialiter
667 1107 711 1169 de
750 1108 922 1190 superbia
960 1111 1017 1171 vel
1059 1110 1163 1173 laude

79 1214 141 1265 213⁴
172 1215 332 1288 humana,
357 1212 402 1274 de
419 1211 633 1274 extollencia
653 1211 657 1294 Ι
678 1211 731 1274 sui
748 1221 876 1282 statum
901 1212 978 1295 ipsa
1000 1213 1092 1277 enim
1109 1223 1164 1278 est

174 1335 297 1396 spuma
334 1314 558 1377 fantasticum
595 1314 814 1391 Antichristi,
858 1337 937 1378 cum
982 1317 1025 1379 ad
1058 1317 1162 1380 nichil

174 1420 269 1482 valet
296 1418 363 1482 nisi
387 1420 430 1481 ad
458 1420 696 1482 frustrandum
725 1421 923 1483 mercedem
948 1421 1088 1485 Domini
1114 1421 1163 1485 di·

136 1523 518 1600 1ocentisMatth.VI,
543 1544 575 1586 2:
603 1524 726 1604 Amen,
754 1526 830 1588 dico
854 1526 944 1589 vobis
967 1532 1164 1607 receperunt

174 1632 364 1692 mercedem
391 1649 505 1703 snam,
538 1638 575 1691 et
599 1628 676 1707 Joh.
693 1628 738 1705 V,
762 1652 803 1708 44
831 1634 999 1710 quomodo
1021 1635 1163 1714 potestis

173 1735 318 1812 credere,
334 1736 393 1816 qni
404 1735 558 1814 gloriam
573 1736 617 1796 ab
633 1735 775 1797 invicem
791 1736 950 1816 recr'pritis,
967 1742 996 1799 et
1007 1738 1163 1817 gloriam

172 1858 234 1918 qne
257 1857 279 1900 a
301 1839 373 1901 solo
396 1837 467 1901 Deo
491 1844 627 1902 estnon
650 1841 816 1919 queritis?
850 1839 1035 1903 Debemus
1060 1839 1162 1919 enim,

173 1943 295 2005 laudes
322 1944 491 2006 humanas
524 1952 561 2004 et
593 1941 799 2005 occasiones
831 1963 950 2006 earum
983 1944 1162 2029 aufugere,

134 2046 314 2114 edicente
348 2047 458 2109 Paulo
491 2067 596 2129 papa,
629 2045 742 2127 prima
773 2047 895 2113 Tessa.
928 2046 974 2125 II,
1007 2069 1037 2128 5,
1066 2056 1096 2125 t),
1127 2071 1161 2131 9:

174 2149 296 2231 Neque,
319 2151 441 2232 inquit,
465 2152 650 2231 aliqnando
670 2152 811 2229 fuimns
834 2153 868 2214 in
891 2171 1049 2216 sermone
1071 2155 1161 2216 adn-

173 2256 317 2319 lacionis
344 2257 431 2318 sicut
457 2257 561 2332 scitis,
595 2273 699 2335 neque
726 2257 763 2318 in
793 2257 969 2320 occasione
1000 2259 1162 2335 avaricie,

173 2359 266 2423 Dens
303 2361 396 2423 testis
434 2365 491 2435 est,
534 2379 638 2440 neqnc
674 2366 849 2440 querentes
890 2363 933 2423 ab
969 2361 1164 2426 hominihus

169 2466 333 2546 gloriam,
365 2471 545 2546 operantes
567 2467 732 2543 continue,
764 2484 804 2528 ne
836 2466 985 2546 aliquem
1014 2471 1162 2530 vestrum

130 2582 412 2651 zogravaremnS,
423 2570 684 2652 predicavimns
700 2571 734 2632 in
751 2571 843 2633 vobis
859 2571 1071 2650 evangelium
1088 2570 1162 2635 Dei.

172 2674 218 2737 Et
235 2684 421 2756 antequam
439 2694 533 2757 papa
547 2673 655 2737 fuerit
671 2673 947 2736 conversacione
965 2673 1162 2738 contrarius

173 2778 245 2841 vite
259 2777 372 2855 Pauli,
397 2777 587 2843 dimitteret
609 2797 746 2841 omnem
770 2777 998 2854 eleccionem,
1023 2798 1161 2842 omnem

172 2882 424 2965 gloriacionem
442 2892 478 2946 et
495 2903 635 2946 omnem
652 2882 940 2965 occupacionem,
964 2902 1033 2964 que
1052 2882 1161 2947 hodie

173 2987 403 3070 consequitur
426 3007 539 3070 papas
563 2997 716 3051 nostros.

130 3114 160 3164 25
215 3091 321 3154 Unde
359 3093 487 3157 beatus
522 3091 776 3174 Crysostomus
815 3089 952 3154 Omelia
990 3090 1161 3154 XXVIII

173 3195 304 3279 Operis
331 3196 537 3279 Imperfecti
569 3216 678 3278 super
710 3195 835 3259 Matth.
864 3195 952 3271 XX,
982 3215 1037 3275 27:
1075 3194 1160 3277 an'-

171 3320 313 3382 cnmqne
336 3303 479 3366 voluerit
502 3303 591 3365 inter
614 3321 672 3364 vos
691 3302 831 3383 primns
855 3319 933 3378 esse,
963 3302 1028 3363 erit
1055 3304 1162 3364 vester

170 3417 298 3469 sernas.
323 3404 532 3488 Secularem,
560 3405 713 3488 inquam,
737 3407 934 3486 primatum
962 3405 1161 3468 desiderare

172 3516 201 3572 et
214 3513 246 3573 si
257 3512 351 3574 racio
368 3531 434 3575 non
451 3518 507 3592 est,
528 3517 643 3574 tamen
659 3529 766 3574 cansa
782 3514 839 3587 esl,
854 3510 935 3589 qnia
955 3509 1017 3571 etsi
1032 3510 1160 3572 instnm

129 3637 161 3687 30
171 3633 238 3678 non
266 3621 323 3693 est,
354 3621 469 3679 tamen
498 3618 579 3679 utile
606 3619 662 3695 est,
691 3616 888 3695 primatum
912 3616 1029 3675 antem
1056 3613 1159 3676 eccle-

171 3721 348 3782 siasticum
372 3722 607 3802 concupiscere
631 3738 733 3800 neqne
750 3720 844 3781 racio
861 3721 908 3780 est
924 3734 1027 3796 neque
1041 3734 1159 3796 cansa,

171 3824 253 3903 qnia
284 3842 388 3905 neque
426 3826 552 3888 instnm
590 3830 637 3887 est
674 3842 778 3904 neqne
816 3824 905 3885 utile.
949 3820 1033 3902 Quis
1068 3820 1160 3883 enim

171 3929 310 4010 sapiens
325 3929 414 3991 nltro
437 3947 473 3992 se
495 3930 658 3992 subiceret
680 3928 834 3990 servituti
856 3926 996 3998 laboris,
1020 3928 1050 3986 et
1072 3923 1161 4004 qnod

223 4166 255 4211 15.
267 4166 390 4222 papante
405 4166 457 4209 cod.
513 4165 549 4210 25,
571 4165 645 4210 Codd.
669 4166 691 4208 in
715 4176 800 4219 merga
823 4164 938 4219 Appetcre
955 4161 1160 4218 primatnmrecn·

170 4237 252 4280 larem.
312 4236 349 4280 26.
366 4236 454 4281 Codd.:
469 4236 486 4280 l.
502 4236 587 4280 Metita.
603 4235 652 4280 XX.

224 4364 264 4415 25.
284 4362 363 4412 Recte
382 4362 499 4412 Homilie
518 4361 613 4411 XXXV
632 4377 663 4411 ex
682 4375 738 4427 cap.
758 4360 814 4412 XX.
