3008 5026
190 399 258 446 cir.
279 383 342 473 vn]
490 406 535 456 nc
554 405 767 456 potestate
785 405 883 457 PAPE.

185 559 362 624 infidelius
391 581 494 644 quam
523 563 619 644 quod
645 569 790 644 oportet
813 563 859 625 de
883 561 1102 626 necessitate
1125 582 1179 624 sa·

185 664 268 728 lutis
302 664 526 729 christianum
559 665 753 729 exercitum
785 665 846 729 tali
875 666 991 750 capite
1015 665 1179 751 regulari.

186 769 233 832 Et
255 778 356 852 patet
379 772 475 853 quod
491 769 528 833 in
543 769 612 834 isto
624 769 749 852 quinto
774 780 982 853 argumento
1001 770 1094 833 facto
1112 791 1178 854 pro

185 893 280 957 papa
308 875 418 937 debet
445 874 524 957 ipse
549 873 739 958 diligenter
762 876 946 939 attendere
985 874 1083 957 quod
1107 894 1179 937 non

161 977 233 1042 ssit
264 979 308 1042 ad
340 979 451 1043 instar
482 978 581 1043 Petri
619 980 801 1062 reprobati
837 979 933 1044 fumo
971 980 1086 1044 fastus
1119 980 1178 1042 vel

185 1083 336 1147 avaricie
368 1094 576 1167 soporatus;
611 1086 751 1167 dequo
780 1104 933 1167 sompno
962 1084 1094 1148 dictum
1124 1094 1180 1147 est

185 1188 278 1253 alibi.
301 1187 390 1251 Nam
413 1189 546 1253 habere
570 1190 685 1252 solum
708 1209 839 1252 nomen
854 1188 954 1252 Petri
974 1187 1095 1252 vicarii
1118 1190 1178 1252 vel

184 1292 339 1375 pastoris
363 1302 420 1357 est
443 1313 491 1356 ex
513 1293 674 1357 mendaci
697 1293 857 1377 ypocrisi
880 1293 992 1377 magis
1013 1293 1177 1376 dampna·

184 1397 256 1460 bile
280 1417 384 1480 quam
407 1398 437 1461 si
459 1397 555 1461 foret
586 1399 692 1461 homo
712 1398 816 1462 huius
837 1398 1075 1481 prepositure,
1101 1418 1179 1461 cum

144 1521 175 1555 ¹0
186 1500 382 1586 Gregorius
410 1505 536 1566 beatus
559 1503 674 1586 primo
698 1503 789 1567 libro
812 1505 871 1566 De
898 1524 983 1567 cura
1005 1502 1178 1566 Pastorali

185 1605 221 1670 ΙΙ
250 1627 326 1688 cap.
360 1609 578 1690 exponendo
611 1607 697 1671 illud
731 1607 854 1673 Matth.
886 1606 1025 1686 XVIII,
1054 1613 1072 1670 6
1112 1605 1179 1682 Qui

184 1713 470 1777 scandalizaverit
484 1730 592 1776 renum
608 1714 649 1776 de
668 1713 809 1794 pusillis
831 1713 906 1776 istis
928 1714 1096 1788 minimis,
1119 1714 1178 1795 qni

184 1818 221 1881 in
252 1836 307 1880 me
339 1820 489 1897 credunt,
527 1819 658 1900 expedit
689 1819 721 1880 ei
752 1822 788 1880 nt
819 1819 1052 1899 suspendatur
1083 1820 1175 1881 mota

184 1923 345 1986 asinaria
368 1923 462 1986 circa
484 1923 610 1986 callum
639 1923 712 1986 cius
735 1928 765 1985 et
787 1923 1010 2002 demergatur
1034 1924 1069 1985 iu
1086 1942 1174 2004 pro-

144 2028 172 2079 Ῑ5
175 2025 334 2106 fundum
350 2028 478 2090 maris:
500 2026 670 2105 Pastores,
693 2024 819 2107 inquit,
837 2028 995 2108 perversi
1011 2029 1047 2089 in
1064 2028 1175 2090 mori-

184 2132 245 2194 bus
275 2133 364 2214 quod
395 2132 505 2194 verbis
531 2132 724 2213 predicant,
764 2132 918 2194 moribus
951 2133 1177 2214 impugnaut;

184 2237 273 2298 uude
290 2235 347 2314 stt,
375 2241 411 2298 nt
432 2253 513 2298 cum
531 2240 655 2318 pastor
673 2253 740 2316 per
762 2237 911 2316 abrupta
930 2237 1105 2316 graditur,
1129 2237 1177 2298 ad

180 2340 408 2421 precipicium
432 2352 519 2420 grex
545 2344 724 2427 sequatur;
750 2340 843 2422 quia,
871 2358 949 2403 cum
972 2341 1063 2422 layci
1084 2342 1175 2404 dicta

180 2445 397 2524 prelatorum
429 2445 655 2526 cognoverint,
683 2462 749 2526 per
780 2463 887 2526 opera
920 2450 1175 2526 pervertuntur.

141 2567 174 2601 20
184 2546 277 2611 Hinc
302 2549 464 2611 scribitur
486 2567 553 2631 per
578 2549 798 2632 prophetam:
823 2546 939 2615 Causa
966 2556 1045 2613 snut
1075 2550 1176 2614 ruine

180 2652 303 2734 populi
328 2655 521 2717 sacerdotes
548 2654 644 2731 mali,
677 2654 718 2716 de
746 2655 867 2736 quibus
894 2655 976 2717 dicit
1004 2655 1175 2718 Dominus

179 2774 246 2837 per
255 2759 478 2839 prophetam:
500 2757 596 2822 Facti
610 2762 689 2822 sunt
704 2759 824 2821 domui
844 2758 985 2822 Ysralrel
1007 2760 1043 2822 in
1064 2761 1173 2844 offen

184 2862 337 2926 diculum
352 2863 552 2945 iniquitatis.
569 2862 677 2926 Nemo
687 2864 811 2945 quippe
821 2865 975 2945 amplius
985 2864 1018 2927 in
1035 2865 1174 2928 ecclesia

183 2970 285 3045 nocet,
313 2985 416 3049 quam
445 2969 504 3048 qui
528 2987 690 3049 perverse
717 2980 824 3049 agens
850 2969 946 3032 trahet
972 2987 1095 3032 nomen
1123 2970 1175 3032 vel

140 3073 340 3135 250rdinem
367 3073 569 3150 sanctitatis,
596 3074 842 3154 delinquentem
870 3078 985 3137 autem
1007 3075 1095 3137 liunc
1116 3093 1173 3137 re-

182 3177 353 3258 darguere
390 3178 506 3241 nullus
543 3179 663 3256 audet,·
700 3183 730 3241 et
767 3178 802 3241 in
841 3180 1034 3260 exemplum
1071 3180 1172 3262 culpa

181 3281 388 3344 veliementer
414 3284 615 3362 extenditur,
642 3285 778 3364 qnando
801 3288 962 3365 peccator
984 3301 1053 3365 pro
1075 3304 1171 3348 reve-

93 3384 154 3456 198‘
181 3385 299 3449 rencia
321 3386 455 3451 ordinis
474 3385 479 3471 Ι
497 3388 697 3452 honoratur.
735 3387 879 3470 indigni
901 3407 1060 3472 iramque,
1086 3391 1173 3452 tanti

176 3491 343 3572 ponderis
360 3493 519 3573 pericula
534 3491 709 3574 fugerent,
731 3494 763 3556 si
789 3493 944 3557 Veritatis
965 3495 1170 3557 sentenciam

138 3599 172 3648 30
180 3595 321 3658 sollicite
358 3597 555 3679 cogitarent,
597 3599 655 3678 qui
695 3599 982 3662 scandalizaverit
1004 3603 1060 3662 etc.
1105 3598 1174 3661 Per

180 3701 309 3764 molam
341 3702 464 3784 quippe
491 3702 690 3765 asinariam
721 3704 891 3767 secularis
917 3703 983 3767 vite
1008 3703 1173 3766 circuitus

233 3898 255 3932 ι,
270 3886 300 3932 B:
315 3888 437 3944 regulare.
487 3899 509 3944 9.
521 3885 610 3933 coda:
618 3888 691 3944 soret
699 3889 723 3932 rt
727 3888 803 3933 ttomo.
857 3901 935 3945 9·¹0·
944 3888 971 3933 In
979 3890 1049 3934 codd.
1059 3890 1097 3933 tric
1107 3890 1172 3933 locus

180 3964 305 4012 corruptus
319 3965 360 4001 est.
378 3957 471 4013 Legitur
486 3958 509 4001 in
524 3960 558 4003 A:
571 3960 721 4014 prepositure
733 3965 780 4002 tam
791 3957 925 4016 Gregorius
938 3959 1024 4009 beatur,
1042 3959 1173 4017 Gregorius

177 4027 323 4081 primalitro
336 4026 369 4071 De
378 4027 442 4072 Cura
454 4059 460 4070 .
471 4058 476 4070 .
486 4058 493 4070 .
505 4029 534 4072 B:
555 4033 602 4071 tam
618 4027 750 4085 Gregorius
764 4030 845 4073 beatur
862 4041 931 4085 quam
948 4029 1082 4085 Gregorius
1092 4032 1171 4086 primo

178 4095 238 4140 libro
250 4128 255 4139 .
267 4127 291 4141 ..
346 4110 378 4141 ro.
394 4097 434 4141 ΑΒ
454 4097 477 4141 in
493 4109 570 4153 marg:
591 4097 680 4143 Nocent
693 4099 716 4142 in
730 4098 826 4143 ecclesie
840 4101 941 4143 momine
959 4101 1017 4143 mali
1028 4101 1170 4144 sacerdotes.

179 4165 331 4210 Sacerdotem
337 4168 482 4223 peruersitas
491 4174 573 4211 caveat
583 4169 654 4212 mata.
710 4179 743 4225 ¹7·
760 4169 789 4212 B:
804 4174 829 4212 ut
839 4169 911 4213 deest.
967 4168 1002 4213 ³0.
1020 4169 1070 4214 liin
1082 4183 1169 4226 marg:

178 4233 243 4279 nota
255 4237 363 4280 asinaria
377 4237 435 4293 quid
447 4238 533 4294 signet.

235 4378 272 4412 ιο.
291 4364 330 4414 De
350 4364 418 4416 Cura
437 4366 539 4415 Pastor.
559 4365 576 4414 1.
596 4382 618 4416 c.
643 4367 683 4419 Cf.
702 4367 792 4417 Hussii
812 4367 882 4433 Opp.
904 4366 950 4420 iol.
970 4367 1119 4417 ccxxiv.
