3008 5026
651 365 822 416 Jounurus
842 364 981 415 wucnr
1182 343 1265 433 [cre.
1278 359 1316 404 vr.

326 524 555 607 antiphrasim
586 525 727 586 locutus
765 531 820 585 est
851 522 1009 604 yronice,
1047 521 1140 584 sicut
1177 521 1318 604 quando

325 629 412 693 dicit
459 627 557 711 quod
601 627 684 691 talia
732 627 868 689 debent
911 646 977 708 per
1027 626 1317 709 contemptibiles

325 731 478 795 ecclesie
511 731 668 811 iudicari,
703 739 741 793 et
772 729 823 793 sic
855 728 916 793 ubi
949 727 1110 793 Christus
1142 749 1222 793 cum
1253 749 1318 793 sua

323 836 453 899 familia
485 855 683 918 suspensus
715 834 781 897 fuit
814 855 833 897 a
863 833 993 898 talibus
1016 834 1204 898 intendens
1226 852 1318 916 pure

324 941 429 1005 saluti
452 941 574 1018 anime,
606 940 674 1004 iste
697 939 842 1003 Pseudo
872 959 951 1002 cum
975 958 1038 1002 sua
1060 937 1189 1002 familia
1211 937 1343 1001 trahit5

324 1045 393 1109 sibi
409 1045 526 1109 omnia
549 1044 721 1108 secularia
743 1043 906 1130 negocia,
930 1043 1051 1127 gracia
1074 1042 1318 1128 congregandi

323 1151 485 1233 pecunie.

150 1280 182 1312 ιο
198 1267 279 1314 christ
366 1255 526 1337 Decime,
549 1256 611 1318 ubi
635 1255 795 1319 Christus
828 1254 986 1318 ostendit
1016 1254 1195 1318 humiliter
1217 1273 1317 1317 suam

108 1320 205 1383 humbly
219 1320 257 1365 bid
278 1323 314 1366 his

128 1373 198 1469 332
210 1373 288 1470 grfraheir⁸
324 1360 593 1425 inferioritatem
619 1361 741 1423 celans
766 1361 831 1422 sub
855 1367 948 1423 testa
970 1357 1194 1423 humanitatis
1217 1377 1317 1421 suam

146 1479 278 1531 ωιηιιοοσς
325 1464 553 1544 divinitatem,
587 1475 627 1528 ut
657 1475 759 1548 patet
780 1465 858 1544 Joh.
880 1465 975 1528 XIV
998 1474 1036 1529 et
1062 1464 1144 1528 alibi
1167 1483 1257 1547 sepe
1280 1462 1361 1525 in1o

128 1511 289 1678 οιῖἒιξῗίἕῖι
326 1570 523 1653 evangelio,
555 1569 624 1633 iste
656 1570 802 1634 Pseudo
832 1572 1028 1653 proclamat
1050 1568 1255 1653 pompatice
1280 1576 1318 1631 et

171 1646 258 1741 eastun
324 1674 497 1738 blasfeme
535 1676 634 1758 quod
666 1685 722 1738 est
753 1675 854 1738 Deus
886 1674 1019 1738 mixtus
1056 1676 1114 1737 vel
1145 1672 1316 1738 Deusin

325 1779 439 1860 terris,
469 1799 576 1862 quem
599 1799 703 1842 nemo
728 1779 839 1842 debet
861 1779 1053 1862 corripere,
1077 1798 1155 1843 cum
1178 1780 1315 1843 habens

325 1902 448 1947 omnes
471 1885 573 1968 leges
596 1882 632 1946 in
657 1883 785 1946 scrinio
809 1883 978 1966 pectoris,
1002 1885 1112 1947 debet
1132 1884 1176 1946 ad
1190 1894 1316 1948 votum

327 1988 539 2071 scripturam
577 1987 781 2068 autorizare,
819 2008 1004 2071 exponere
1049 1989 1110 2051 vel
1146 1997 1358 2070 quantum15

322 2093 467 2157 libuerit
489 2095 673 2176 abrogare,
708 2102 745 2157 et
777 2093 828 2157 sic
856 2101 1009 2176 propter
1034 2092 1198 2157 iniustam
1221 2112 1316 2175 pene

323 2199 555 2280 gravedinem
578 2196 816 2280 periculosius
846 2206 902 2261 est
932 2197 968 2260 in
991 2199 1190 2262 mandatum
1213 2216 1316 2260 suum

324 2322 430 2384 quam
445 2302 481 2365 in
498 2303 698 2365 mandatum
711 2299 715 2386 l
728 2300 859 2366 Christi
875 2300 1071 2385 offendere,
1094 2321 1173 2365 cum
1193 2309 1318 2385 potest
1349 2307 1407 2379 ιρι·

323 2407 503 2470 declarare
528 2426 773 2489 quoscumque
806 2406 875 2470 sibi
907 2405 1201 2483 contradicentes,
1231 2405 1318 2470 licet

324 2531 414 2594 pure
438 2520 642 2574 asserentes
672 2512 778 2574 fidem
802 2511 990 2595 scripture,
1025 2530 1105 2575 esse
1126 2510 1316 2589 hereticos,
1327 2536 1360 2571 20

325 2635 403 2678 cum
435 2636 526 2699 pure
561 2636 608 2679 ex
638 2615 744 2679 bullis
776 2616 850 2679 suis
882 2616 927 2679 ad
949 2624 1073 2679 votum
1094 2615 1256 2680 habilitat
1279 2625 1317 2678 et

323 2720 520 2784 inhabilitat
552 2740 812 2804 quemcumque
844 2721 1007 2802 voluerit,
1041 2740 1124 2805 ymo
1153 2740 1198 2784 eo
1231 2719 1314 2804 ipso

325 2843 397 2907 quo
420 2824 603 2907 pretendit
625 2845 665 2888 se
682 2825 810 2909 quovis
832 2827 941 2889 modo
958 2826 1100 2889 solvere
1117 2826 1177 2889 vel
1191 2825 1315 2908 ligare,

325 2948 369 2991 eo
406 2928 488 3011 ipso
527 2929 578 2992 sic
617 2929 727 2993 solvit
764 2931 823 2992 vel
860 2930 957 3013 ligat.
1001 2930 1047 2994 Et
1084 2930 1164 3013 ipse
1206 2949 1315 3013 supra

325 3032 503 3097 Christum
524 3034 634 3097 habet
649 3035 790 3116 plenam
805 3041 1022 3116 potestatem
1039 3033 1189 3098 civiliter
1205 3033 1314 3098 domi·
1326 3043 1358 3093 25

323 3137 439 3218 nandi,
472 3147 509 3201 et
540 3139 591 3202 sic
625 3141 670 3202 de
701 3137 846 3202 infinitis
875 3138 1076 3217 blasfemiis,
1109 3159 1156 3203 ex
1183 3139 1314 3223 quibus

325 3240 475 3305 infertur
506 3243 706 3326 prophecia
736 3243 907 3326 Apostoli
934 3243 978 3307 II.
1011 3244 1112 3307 Tess
1141 3243 1186 3325 11,
1214 3265 1233 3326 3
1268 3245 1313 3310 de

146 3373 191 3415 ana
207 3371 278 3415 suan
324 3344 546 3409 Antichristo
563 3347 658 3409 dicta
674 3367 778 3429 quem
793 3348 964 3411 hominem
976 3349 1109 3430 peccati
1123 3348 1314 3428 nominant,

133 3424 274 3532 ρῗορξέἒγδ
265 3474 293 3518 ος
325 3447 373 3512 ita
396 3457 434 3512 ut
456 3450 493 3511 in
516 3453 620 3532 templ
608 3450 716 3514 loDei
736 3453 860 3529 sedeat,
882 3453 1059 3515 ostendens
1079 3470 1116 3515 se
1134 3457 1314 3534 tamquam

155 3535 262 3624 ‘anna
324 3553 369 3616 sit
385 3551 489 3633 Deus,
512 3573 596 3636 ymo
620 3563 659 3618 ut
682 3555 767 3618 dicit
788 3557 998 3639 Apostolus,
1021 3557 1189 3620 extollitur
1209 3570 1358 3640 saper3o

325 3676 425 3720 omne
446 3659 537 3739 qaod
558 3659 685 3721 dieitur
706 3659 810 3724 Deus.
847 3662 948 3724 Deus
972 3660 1064 3723 enim
1095 3681 1167 3724 non
1191 3670 1316 3744 potest

324 3760 442 3824 taliter
457 3761 626 3825 dominari
642 3782 709 3826 nec
724 3764 819 3826 nude
834 3784 901 3847 per
915 3765 1030 3828 bullas
1053 3764 1131 3827 sine
1153 3763 1315 3829 interiori

323 3865 450 3948 illapsu
460 3887 673 3950 quemquam
682 3868 876 3948 habilitare,
886 3890 954 3933 nec
963 3878 1181 3953 potestatem
1190 3878 1315 3953 preter

323 3968 394 4032 Dei
416 3969 599 4035 licenciam
622 3975 665 4036 ab
689 3973 904 4056 imperatore
927 3995 1065 4058 capere.

377 4172 397 4215 8.
413 4175 454 4219 AB
469 4175 491 4218 in
507 4188 596 4231 marga
612 4183 645 4219 10.

378 4295 417 4348 28.
436 4298 465 4346 ll.
478 4297 573 4349 Thess.
594 4301 623 4368 ll,
642 4316 667 4363 4.
