3008 5026
133 390 201 436 cur.
215 377 257 459 r]
430 394 474 444 ns
495 393 705 445 potestate
725 393 821 444 pnes.

133 559 242 614 tatem
266 568 329 614 sue
353 549 568 627 substancie,
592 559 629 614 et
652 550 703 615 sic
726 551 771 614 de
795 549 930 614 neutris
949 548 1120 615 similibus

133 663 277 721 tenetur
300 658 367 719 sub
390 674 483 740 pena
505 654 662 719 mortalis
685 655 771 719 illud
794 655 981 739 perficere;
1011 664 1048 718 et
1069 655 1120 718 sic

133 781 204 825 uno
238 760 462 844 precipiente
492 758 564 822 suis
588 761 685 842 quod
713 781 784 823 non
807 759 952 824 veniant
974 761 1019 823 ad
1042 779 1119 824 con·

135 865 249 929 cilium
282 866 461 947 generale,
495 873 532 927 et
564 864 632 927 alio
666 864 888 948 precipiente
918 864 991 930 suis
1023 864 1119 948 quod

109 971 288 1049 §veniant
312 970 371 1033 diu
395 969 489 1032 foret
512 978 699 1052 antequam
721 978 818 1033 esset
835 980 1021 1052 utrumque
1038 988 1118 1033 con·

135 1075 248 1140 cilium
283 1083 547 1158 congregatum.
585 1073 691 1137 Unde
719 1073 872 1137 medium
902 1072 1118 1156 empericum
1155 1099 1307 1145 nimus,

134 1180 228 1243 soret
257 1180 300 1243 ad
328 1179 571 1262 temptandum
599 1178 789 1261 religiosos
822 1179 882 1262 qui
911 1177 961 1242 sic
988 1177 1117 1260 magni·
1136 1152 1329 1249 stid'i'ffiifetiffit

133 1285 240 1347 licant
264 1302 359 1346 suam
376 1282 631 1359 obedienciam,
655 1283 685 1346 si
707 1284 900 1365 loquuntur
923 1302 969 1345 ex
993 1282 1119 1358 anim0,
1156 1255 1311 1364 1ᾙῦᾍέἷέ

135 1389 229 1471 quod
254 1407 347 1470 papa
370 1406 455 1451 suus
479 1387 654 1470 precipiat
682 1386 749 1450 ista
772 1398 906 1452 neutra.
931 1387 977 1450 Et
995 1405 1120 1450 revera
1153 1360 1279 1456 „auidiis
1294 1412 1317 1456 tn

95 1512 205 1574 roego
239 1493 501 1555 verecundarer
532 1492 567 1554 in
596 1490 738 1555 Oxonia
770 1502 877 1576 caput
909 1493 1058 1576 erigere,
1091 1490 1121 1554 si
1153 1465 1310 1511 ΝΜ·

133 1595 235 1658 istam
259 1593 475 1658 sentenciam
499 1596 544 1658 de
559 1595 769 1659 obediencia
786 1595 822 1659 in
846 1596 953 1660 scolis
976 1595 1120 1680 publice

134 1699 374 1764 seminassem.

177 1804 243 1868 Est
269 1803 380 1887 igitur
407 1810 577 1867 tractatus
609 1802 713 1869 istius
745 1803 883 1868 articuli
910 1803 1120 1886 cuicumque

132 1907 230 1971 fideli
246 1906 466 1971 necessarius
484 1915 521 1970 et
543 1907 745 1990 specialiter
768 1907 827 1971 isti
851 1906 1019 1991 opinioni,
1042 1927 1120 1970 cum

94 2028 121 2078 rs
135 2011 220 2076 dicit
243 2031 282 2075 se
307 2030 387 2075 esse
404 2013 598 2074 membrum
621 2013 766 2095 dyaboli
790 2021 827 2076 et
847 2012 913 2076 nisi
933 2012 1122 2096 resipiscat

135 2115 405 2198 dampnandum,
429 2114 495 2178 nisi
514 2116 682 2179 adhereat
699 2136 784 2180 vero
808 2135 919 2200 pape;
945 2125 981 2180 et
995 2134 1122 2180 revera

134 2240 201 2303 pro
236 2220 418 2302 querendo
451 2218 576 2283 minori
607 2222 704 2283 bono
737 2241 840 2304 quam
879 2230 935 2285 est
971 2241 1121 2304 regnum

136 2325 304 2400 celorum,
333 2332 369 2387 et
396 2323 635 2408 profugiendo
659 2325 785 2388 minori
817 2327 909 2389 malo
938 2344 1040 2408 quam
1067 2332 1122 2389 est
1165 2405 1170 2415 η
1204 2353 1267 2414 ¹uus

136 2427 343 2512 dampnacio
367 2429 543 2511 gehenne,
568 2429 668 2492 daret
691 2448 835 2513 operam
856 2430 900 2492 ad
917 2428 1122 2493 scrutinium
1147 2405 1327 2504 ffliioesnedi'onr‘t

92 2562 125 2598 20
137 2533 304 2609 veritatis,
348 2552 430 2616 ymo
470 2541 655 2615 antequam
698 2533 951 2597 scandalizaret
988 2542 1122 2598 tantum
1177 2511 1295 2567 ‘'m'''y'

136 2656 318 2700 numerum
353 2638 398 2699 de
432 2636 594 2700 exercitu
628 2635 830 2715 christian0,
869 2647 942 2702 tum
981 2647 1123 2722 oportet

138 2760 201 2804 eos
225 2741 355 2818 dicere,
386 2742 483 2824 quod
505 2741 615 2805 maior
638 2761 721 2825 pars
744 2744 804 2805 vel
827 2742 926 2826 quasi
949 2742 1122 2806 medietas

138 2844 386 2909 christianismi
419 2845 541 2909 relicta
565 2845 611 2910 sit
638 2865 704 2929 per
736 2866 842 2909 unum
866 2847 1122 2911 Antichristum

137 2949 285 3031 perdita.

94 3069 125 3120 25
180 3051 355 3116 Noticiam
382 3052 492 3136 igitur
515 3053 591 3117 veri
614 3073 709 3137 pape
737 3054 955 3119 discuterent
980 3063 1017 3120 et
1039 3065 1124 3140 post

136 3157 302 3220 noticiam
333 3177 457 3221 verum
480 3177 608 3241 papam
638 3158 813 3243 eligerent
854 3178 894 3222 ac
922 3179 988 3242 pro
1013 3162 1122 3223 salva·

137 3261 240 3324 cione
265 3259 318 3324 sui
343 3272 378 3324 et
401 3263 526 3345 populi
542 3262 729 3325 veritatem
752 3264 956 3328 catholicam
979 3264 1123 3348 publice

136 3366 377 3448 predicarent3
417 3366 499 3428 ideo
537 3368 596 3430 vel
635 3379 715 3430 sunt
754 3387 885 3450 segnes
923 3369 1123 3433 infidelibus

44 3487 109 3536 223⁴
137 3468 326 3553 nequiores
364 3473 423 3534 vel
469 3474 619 3536 credunt
663 3473 881 3537 sentenciam
906 3472 910 3556 Ι
936 3493 1032 3538 suam
1079 3474 1123 3536 de

94 3591 126 3640 30
137 3574 347 3637 obediencia
371 3595 450 3639 esse
473 3575 646 3639 ficticiam.
684 3576 765 3658 Ego
799 3586 914 3641 autem
944 3580 1051 3641 credo
1077 3597 1123 3641 ex

136 3679 352 3743 necessitate
374 3679 491 3742 divina
512 3680 727 3744 sentenciam
747 3702 851 3764 quam
868 3682 942 3746 dixi
960 3682 1123 3766 superius

137 3802 218 3846 esse
241 3782 406 3848 fidelibus
428 3784 622 3848 instancius
646 3786 895 3868 detegendam,
919 3795 958 3850 ut
978 3786 1007 3852 si
1023 3786 1123 3850 Deus

137 3886 300 3967 voluerit,
315 3887 442 3952 fideles
458 3897 666 3952 moveantur
682 3891 906 3955 dotacionem
927 3893 1122 3969 destruere,

137 4010 207 4074 que
236 4001 293 4056 est
318 3991 421 4055 radix
448 3992 550 4056 istius
573 4013 701 4078 magne
725 3996 888 4060 versucie
910 3998 969 4060 vel
997 3997 1122 4059 saltem

94 4095 322 4178 35primatum
347 4115 530 4161 cesareum
554 4098 667 4162 minus
691 4100 884 4165 attendere.

181 4199 335 4283 Oportet
358 4201 466 4287 igitur
489 4203 644 4280 studere,
669 4224 715 4267 ex
739 4224 810 4287 quo
830 4204 933 4290 signo
951 4205 1123 4268 debemus

137 4324 355 4389 cognoscere
383 4327 506 4371 verum
538 4326 677 4390 papam,
710 4328 789 4372 cum
818 4307 966 4387 eleccio,
1000 4307 1122 4392 opinio
