3008 5026
144 409 213 454 cae.
234 394 296 482 un]
440 415 486 466 DE
504 414 717 466 POTESTATE
737 415 835 466 ΡΑΡΕ.
1288 423 1349 484 3²7

143 590 223 634 cum
256 570 412 634 divinum
444 569 614 635 iudicium
638 571 742 635 sitin
764 571 883 636 multis
908 574 1131 640 contrarium.

142 674 184 738 In
215 676 470 759 temporalibus
502 697 590 740 vero
623 677 763 760 fingunt
797 697 837 740 se
870 698 977 762 super
1008 699 1133 744 omnes
1168 694 1324 792 tgngivcirffiz

143 781 322 843 seculares
345 780 509 844 dominos
533 781 703 846 dominari
727 782 888 861 civiliter,
923 792 959 847 et
990 783 1042 847 sic
1070 804 1133 848 no·
1326 778 1331 790 ’

143 893 217 948 tato
242 885 338 949 dicto
362 885 563 969 Augustini,
588 888 685 969 quod
709 896 854 969 oportet
877 887 1134 953 Antichristum

117 997 223 1053 §esse
257 990 302 1052 de
325 989 491 1054 Romano
530 991 688 1074 imperio,
722 993 819 1074 quod
857 992 1056 1075 extinguet,
1096 1003 1134 1058 ut

144 1092 233 1156 dicit
259 1092 392 1157 XXIV
416 1113 492 1177 cap.
525 1103 561 1157 et
589 1094 686 1157 dicto
719 1095 816 1158 beati
837 1095 1005 1174 Johannis
1038 1098 1135 1180 quod

142 1197 353 1262 Antichristi
372 1199 557 1281 prenuncii
572 1199 691 1282 magni
700 1199 911 1264 Antichristi
926 1201 1135 1284 prodierunt

144 1324 191 1366 ex
223 1303 395 1386 apostolis
429 1311 466 1367 et
497 1324 564 1387 per
588 1323 811 1388 consequens
845 1306 890 1368 de
914 1307 1021 1382 clero,
1056 1327 1134 1371 cum

143 1407 247 1472 factis
263 1427 433 1491 paparum
451 1407 593 1471 Christo
619 1408 805 1471 contrariis
830 1408 976 1472 eliciunt
991 1410 1133 1492 quidam

99 1511 372 1595 10probabiliter
395 1512 491 1594 quod
513 1510 582 1594 ipsi
605 1512 769 1595 perversi
791 1522 874 1576 sunt
902 1514 1050 1596 pessimi
1059 1516 1130 1579 An·
1140 1568 1161 1610 is
1175 1515 1350 1612 tssgjjffififrtom

141 1614 305 1693 tichristi;
328 1615 430 1678 Deus
448 1625 564 1678 autem
575 1617 769 1680 secundum
785 1618 1002 1699 Apostolum
1013 1619 1131 1684 mittet
1174 1621 1213 1664 ¹¹¹⁸
1227 1621 1312 1677 ⁶¹⁰¹85·

141 1721 231 1783 tales
248 1730 373 1784 contra
388 1740 473 1784 suos
491 1722 675 1803 apostolos
693 1723 752 1785 vel
767 1723 938 1786 seductos
948 1723 983 1785 in
1003 1744 1130 1807 opera·

142 1824 279 1888 cionem
296 1825 435 1901 erroriS,
452 1834 491 1888 ut
502 1827 648 1889 credant
662 1826 847 1889 mendacio
860 1826 895 1888 in
911 1847 1040 1909 penam
1050 1848 1132 1911 pec·

142 1930 219 1993 cati.
243 1928 350 2011 Quod
367 1948 437 2011 ego
449 1931 558 1993 credo
575 1931 784 2013 ydolatriam
804 1931 840 1994 in
861 1933 1014 1995 colendo
1031 1933 1133 2017 signa

100 2040 129 2088 15
141 2033 317 2111 utDeum‚
335 2034 426 2098 sicut
436 2034 638 2118 specialiter
651 2044 753 2118 patet
761 2035 797 2098 in
814 2036 905 2100 ostia
915 2048 1132 2103 consecrata.

184 2138 450 2223 Recolligendo
487 2138 597 2221 igitur
635 2138 730 2203 dicta
773 2140 946 2222 superius,
991 2141 1133 2207 videtur
1176 2159 1316 2255 napaeos

140 2243 244 2307 michi
273 2243 372 2326 quod
403 2243 519 2325 aliqua
541 2252 624 2306 sunt
648 2263 696 2306 ex
719 2244 790 2306 fide
813 2244 1022 2327 simpliciter
1047 2267 1130 2310 con·
1183 2212 1310 2310 illidii?

141 2349 312 2424 cedenda,
349 2347 414 2411 alia
447 2367 535 2411 vero
577 2358 617 2412 ut
653 2348 770 2411 omnia
815 2349 992 2431 scripture
1033 2370 1133 2415 sacre

141 2451 315 2517 contraria
349 2452 557 2535 simpliciter
593 2462 676 2516 sunt
702 2455 875 2535 neganda.
915 2453 957 2516 ln
984 2455 1097 2520 tercio
1127 2454 1131 2540 l

44 2558 111 2624 224⁴
139 2577 227 2621 vero
256 2557 371 2639 gradu
394 2566 478 2620 sunt
510 2558 661 2638 quedam
685 2557 919 2640 probabiliter
942 2562 1134 2624 asserenda

139 2670 179 2725 ut
200 2661 259 2724 illa
282 2681 352 2744 que
384 2661 620 2744 probabiliter
644 2663 836 2724 creduntur
859 2681 940 2724 esse
964 2662 999 2725 in
1024 2663 1131 2748 scrip·

138 2777 218 2831 tura
240 2785 341 2829 sacra
363 2765 540 2849 implicita.
579 2764 620 2828 In
645 2776 772 2847 quarto
797 2785 886 2829 vero
911 2769 1025 2849 gradu
1049 2777 1132 2832 sunt

139 2871 254 2954 aliqua
292 2871 472 2934 credenda
503 2870 737 2953 probabiliter
775 2890 856 2933 esse
885 2870 973 2934 falsa
1004 2880 1043 2936 ut
1074 2872 1131 2936 illa

139 2978 184 3040 de
201 2976 330 3060 quibus
349 2976 520 3038 habemus
541 2975 776 3058 probabiliter
792 2975 1011 3039 evidenciam
1033 2977 1130 3059 quod

94 3081 222 3144 ²5sunt
244 3081 421 3164 scripture
445 3100 548 3143 sacre
572 3079 753 3145 contraria.

181 3185 223 3248 In
246 3186 368 3269 primis
384 3205 472 3249 vero
497 3194 534 3248 et
550 3186 708 3249 secundo
725 3185 908 3249 contrariis
923 3186 1016 3251 iacet
1036 3187 1127 3251 fides
1160 3202 1321 3265 wycursuuy

138 3292 325 3374 expellens
348 3289 580 3354 formidinem.
612 3289 653 3352 In
676 3290 802 3353 mediis
826 3310 913 3353 vero
939 3291 1034 3354 cadit
1057 3290 1124 3356 for·
1158 3256 1322 3353 iiliiilili}

137 3396 231 3459 mido
255 3415 333 3459 cum
356 3395 593 3479 prestanciori
615 3394 675 3458 via
702 3395 747 3458 ad
771 3396 998 3478 credendum,
1028 3405 1068 3459 ut
1090 3395 1125 3459 in
1149 3359 1329 3468 uie⁰⁸s⁰cfii³p⁰dr¹ii

137 3501 250 3584 gradu
273 3499 385 3563 tercio
418 3507 478 3563 aut
510 3520 588 3562 cum
611 3498 847 3581 prestanciori
872 3499 1057 3563 evidencia
1080 3501 1125 3562 ad
1193 3467 1294 3521 ‘³⁰⁰¹‘d‘

95 3605 128 3655 30
138 3605 409 3667 discredendum
434 3612 473 3666 ut
487 3603 522 3666 in
539 3604 653 3686 gradu
674 3603 806 3668 ultimo.
829 3603 876 3666 Et
890 3602 959 3666 ista
974 3613 1128 3686 quatuor

137 3709 234 3792 apud
271 3710 479 3790 theologum
512 3716 595 3771 sunt
625 3707 794 3782 notanda;
833 3716 918 3772 tunc
950 3707 1030 3771 dico
1070 3728 1128 3772 me

139 3814 286 3877 credere
318 3812 354 3875 in
385 3812 501 3895 primo
535 3812 648 3896 gradu
682 3812 780 3895 quod
802 3811 1044 3876 Antichristus
1073 3821 1128 3876 est

137 3917 173 3981 in
195 3917 367 4001 predictis
390 3916 575 4000 scripturis
599 3917 808 3999 descriptus.

191 4105 224 4149 16.
250 4104 326 4148 Codd.
350 4104 373 4148 in
397 4117 485 4168 marga
510 4105 663 4149 concedenda
690 4105 828 4160 sinpliciter
848 4104 959 4161 neganda
984 4105 1127 4159 simpliciter.

139 4187 174 4220 20,
192 4173 267 4218 crau.
283 4174 306 4217 in
324 4186 412 4228 marg:
432 4174 563 4218 maerenda
580 4175 705 4230 probatur.
762 4172 798 4218 32.
816 4173 891 4218 Codd.
911 4174 934 4218 in
954 4186 1042 4228 marga
1062 4175 1127 4218 Anti·

137 4244 238 4287 chrr'rtur
251 4244 303 4298 qula
317 4248 357 4286 ert.

190 4349 213 4399 6.
233 4351 252 4399 l.
270 4350 329 4402 Joh.
350 4350 380 4412 ΙΙ,
404 4349 441 4401 18.
