3008 5026
171 417 212 475 90

211 581 254 625 We
268 584 337 627 claim

209 635 292 678 wealth
307 648 333 679 as

218 686 318 747 Christ‘s

196 739 297 799 lrcntage
311 741 351 785 but

218 803 259 834 use
273 799 291 834 rt
304 804 330 836 as

221 845 319 899 worldly

214 905 332 953 property.

711 415 881 465 tonsurus
901 413 1040 463 wvcmr
1244 393 1327 479 [cnr.
1345 409 1376 452 v.

388 571 623 634 successionis
647 570 776 635 Christi
800 580 836 633 et
858 571 1103 652 apostolorum
1126 569 1186 652 qui
1206 569 1377 633 dominati

388 683 470 737 sunt
493 675 698 738 seculariter
722 674 885 737 omnibus
908 672 1029 736 mundi
1049 673 1188 737 diviciis
1202 673 1376 737 habemus

385 779 453 842 hec
469 779 593 856 omnia,
611 789 648 843 et
663 780 820 844 secundo
838 777 1076 842 consumimus
1095 778 1154 841 illa
1170 776 1377 841 differenter

387 882 590 948 seculariter
623 893 660 947 et
690 882 936 966 proprietarie‚
969 889 1007 944 et
1029 881 1140 944 tercio
1169 880 1376 945 dimittimus

387 987 444 1048 vel
468 986 676 1050 remittimus
700 985 830 1049 exinde
854 985 1011 1049 debitum
1027 983 1181 1048 officium
1203 983 1401 1063 clericales

386 1090 607 1154 manifestum
641 1100 696 1154 est
719 1092 815 1174 quod
837 1089 1046 1171 itreligiose,
1077 1088 1208 1152 iniuste
1232 1099 1269 1152 et
1291 1109 1375 1171 pro·

386 1193 514 1257 ditorie
539 1194 777 1258 consumimus
798 1196 895 1256 bona
916 1192 1004 1263 Dei;
1037 1201 1073 1255 et
1094 1193 1164 1255 hoc
1187 1201 1302 1255 totum
1325 1192 1376 1255 in-

385 1307 546 1380 portaret
581 1298 617 1360 in
657 1299 785 1362 clerico
828 1305 1053 1361 monstruosa
1095 1296 1255 1361 civilitas.
1300 1295 1375 1361 Sed

386 1401 567 1465 dubitatur
600 1402 790 1485 supposito
822 1422 889 1464 usu
920 1400 1091 1482 legitimo,
1129 1400 1208 1483 quis
1246 1401 1374 1464 modus

385 1504 529 1568 vivendi
545 1505 635 1568 foret
657 1504 873 1588 perfeccior;
890 1524 957 1567 nec
978 1504 1123 1567 dubium
1147 1503 1231 1586 quin
1245 1504 1375 1568 modus
1389 1531 1418 1565 ιο

386 1609 530 1672 vivendi
562 1610 701 1693 parcior
725 1619 761 1673 et
785 1609 1100 1692 exproprietarius‚
1132 1609 1215 1692 quia
1242 1618 1298 1673 est
1321 1629 1373 1673 se·

386 1713 503 1776 curior
526 1723 562 1777 et
585 1715 658 1778 vite
683 1714 812 1778 Christi
834 1734 876 1777 ac
898 1713 1110 1776 innocencie
1132 1713 1273 1795 utrique
1291 1733 1373 1776 con-

386 1816 539 1882 formior.
572 1817 645 1880 Vix
670 1816 763 1881 enini
785 1817 947 1900 reperies
974 1816 1095 1879 mundi
1119 1816 1263 1879 divitem
1288 1817 1373 1899 quin

384 1923 442 1984 vel
458 1923 560 1987 nimis
575 1923 747 1986 afficiatur
764 1931 800 1985 et
816 1932 1014 2004 occupetur
1024 1920 1117 1984 circa
1132 1921 1209 1985 eius
1224 1920 1373 1985 divicias

383 2027 441 2087 vel
464 2025 583 2108 inique
607 2027 703 2108 ipsas
727 2027 914 2090 distribuat
934 2026 994 2087 vel
1017 2025 1129 2087 tercio
1153 2026 1372 2106 voluptuose
1388 2038 1414 2086 15

384 2138 488 2212 atque
512 2130 689 2212 superflue
711 2131 810 2212 ipsas
834 2139 1029 2208 consumat,
1053 2132 1090 2191 in
1112 2137 1249 2192 tantum
1273 2129 1372 2211 quod

383 2234 427 2295 de
452 2234 563 2297 divite
583 2234 587 2318 Ι
609 2235 785 2297 evadente
808 2234 876 2297 ista
899 2233 1057 2316 pericula
1078 2232 1244 2296 scribitur
1262 2232 1372 2299 Eccli.
1408 2245 1466 2298 183b

382 2337 526 2417 XXXI,
551 2360 584 2418 9:
613 2338 697 2420 Quis
719 2345 766 2402 est
787 2340 841 2403 lric
863 2343 892 2402 el
913 2339 1136 2402 laudabimus
1158 2339 1262 2402 etant?
1284 2337 1371 2418 sccii

382 2443 473 2504 enim
507 2444 686 2506 mirabilia
717 2445 753 2506 in
785 2445 855 2506 vila
885 2461 961 2506 sua.
999 2442 1046 2505 Et
1075 2442 1143 2504 hec
1175 2441 1243 2504 fuit
1272 2442 1370 2504 racio

382 2565 490 2626 quare
514 2545 691 2628 sapiencia
707 2547 777 2608 Dei
796 2545 907 2629 patris
931 2548 979 2608 ob
1004 2566 1157 2608 amorem
1180 2544 1295 2609 nostri
1318 2545 1370 2608 sic
1382 2573 1414 2607 20

381 2647 472 2711 vixit
499 2650 783 2733 exproprietarie
814 2660 851 2713 et
879 2649 1001 2712 docuit
1023 2669 1108 2712 suos
1137 2648 1294 2713 cariores
1318 2650 1370 2712 sic

381 2751 512 2817 vivere.
528 2752 584 2814 Ex
601 2774 670 2836 quo
686 2753 938 2817 invincibiliter
954 2753 1131 2835 colligitur
1141 2753 1239 2836 quod
1254 2764 1370 2818 status

382 2856 633 2940 cuiuscumque
667 2859 752 2921 cleri
784 2859 841 2921 vel
875 2857 1037 2940 episcopi
1069 2857 1163 2921 foret
1190 2860 1370 2923 subducta

382 2962 678 3044 appropriacione
706 2962 861 3026 dotantis
884 2962 1094 3046 perfeccior,
1137 2962 1223 3027 licet
1261 2963 1368 3045 aliqui

381 3064 493 3127 sancti
527 3065 563 3127 in
594 3066 663 3128 hoc
697 3068 851 3130 evadant
874 3067 1082 3149 periculum,
1114 3066 1196 3149 quia
1222 3067 1412 3129 indubie25

381 3166 540 3248 predicta
563 3168 694 3250 triplex
719 3171 913 3252 occupacio
936 3171 1184 3252 temporalium
1206 3169 1301 3233 foret
1325 3171 1370 3233 ad

382 3290 471 3333 onus
488 3269 741 3356 cuiuscumque
758 3273 878 3337 clerici
893 3274 953 3356 qui
973 3273 1177 3337 intenderet
1190 3274 1368 3357 perficere

382 3374 536 3438 officium
561 3376 734 3459 clericale,
759 3399 837 3441 nam
860 3379 1048 3442 multitudo
1073 3378 1201 3442 familie
1219 3389 1255 3442 et
1269 3399 1367 3443 mun-

382 3479 461 3541 dani
483 3480 629 3542 honoris
652 3481 753 3543 nimis
773 3481 1017 3546 distraherent.
1040 3482 1261 3546 Distribucio
1278 3503 1367 3547 vero

382 3584 577 3666 corporalis
620 3585 813 3649 elemosine
855 3587 1013 3669 pertinet
1053 3589 1099 3650 ad
1136 3586 1368 3651 ministerium
1380 3600 1412 3650 30

380 3688 527 3768 laycale,
562 3688 692 3752 clerico
724 3690 863 3752 intento
887 3691 931 3752 ad
956 3691 1237 3754 distribuendum
1262 3692 1367 3774 spiri-

381 3792 493 3853 tuales
516 3793 727 3856 elemosinas
749 3795 926 3877 pociores.
964 3796 1011 3857 Et
1033 3795 1085 3858 sic
1109 3816 1155 3858 ex
1179 3796 1368 3860 dotacione

381 3904 596 3976 sparguntur
617 3896 653 3959 in
670 3897 766 3959 clero
782 3899 930 3974 macule,
953 3918 1022 3981 que
1042 3900 1134 3961 ultra
1149 3899 1367 3976 varietatem,

380 4018 483 4079 quam
507 3998 667 4063 Christus
689 4001 851 4076 instituit,
880 4023 950 4065 non
973 4004 1198 4084 pulcrificant
1219 4012 1367 4068 matrem

432 4271 453 4313 8.
469 4275 489 4315 Α
505 4274 527 4316 in
543 4287 628 4329 marg:
650 4275 710 4319 Nota
730 4276 794 4329 quod
808 4275 943 4332 perfeccior
960 4279 1041 4321 modus
1060 4285 1095 4322 est
1112 4279 1190 4322 vivere
1203 4280 1268 4324 clero
1282 4292 1367 4335 expro-

379 4344 499 4392 vrrelarie,
514 4345 540 4386 id
553 4351 594 4397 est,
609 4346 668 4387 nillil
680 4346 762 4390 lorum
777 4348 822 4390 sibi
834 4349 1013 4403 appropriando
1027 4349 1063 4392 vel
1075 4350 1177 4392 ecclesie.
