3008 5026
151 2526 203 2570 The
218 2537 279 2620 pope

143 2580 226 2622 claims
240 2585 287 2621 tint

140 2632 252 2689 whoever·
265 2632 293 2673 he

123 2684 306 2778 “turtur

153 2750 270 2841 dualilied.

645 369 814 421 Joaluuls
834 369 975 420 wvcmr
1156 351 1240 438 [car.
1261 366 1312 410 xn.

322 534 358 590 et
389 525 560 604 homines,
599 535 634 591 et
667 527 717 590 sic
750 535 875 591 contra
906 525 1083 592 Christum
1121 535 1160 590 et
1192 527 1313 611 legem

323 650 420 694 suam
452 631 598 714 palliant
629 652 676 694 ex
708 652 747 695 se
787 632 886 695 aliam
925 631 1143 715 dignitatem.
1188 631 1315 694 Manet

322 734 510 817 (inquiunt)
533 746 853 819 quantumcumque
877 735 1043 818 indignus
1060 736 1178 819 quoad
1194 735 1314 798 Deum

323 859 369 902 ex
394 840 603 903 auctoritate
626 850 748 904 nostra
772 840 911 923 dignus,
945 861 1133 924 quousque
1162 860 1230 903 nos
1253 839 1313 902 vel

323 951 465 1025 satrape
489 944 603 1008 nostri
626 944 889 1009 decreverimus
913 944 998 1027 quid
1022 945 1068 1008 sit
1094 945 1238 1022 iustum;
1278 951 1338 1005 et5

322 1047 410 1111 illud
442 1050 624 1113 decretum
647 1050 688 1113 fit
711 1051 943 1113 communiter
975 1059 1099 1113 eontra
1128 1049 1314 1124 iusticiam,

325 1154 405 1216 dum
431 1173 550 1216 emens
574 1153 731 1217 iniuriam
755 1154 909 1217 voluerit
933 1155 1013 1236 plus
1038 1153 1211 1217 conferre.
1251 1152 1316 1218 Se-

324 1257 461 1319 culares
485 1258 593 1321 eciam
617 1259 743 1322 volunt
766 1258 864 1340 quod
887 1259 1082 1321 secundum
1105 1259 1208 1340 leges
1232 1276 1315 1321 suas

323 1361 394 1424 Dei
424 1362 547 1425 iniuria
581 1364 790 1426 destruatur.
828 1362 892 1425 Isti
931 1371 1046 1425 autem
1079 1361 1316 1445 sophisticant

327 1467 424 1548 quod
471 1468 515 1528 ad
560 1466 862 1549 multiplicandum
907 1469 1066 1529 membra
1102 1465 1316 1529 Antichristi
1330 1490 1358 1524 ιο

327 1572 446 1652 quoad
475 1570 651 1634 Christum
689 1570 813 1634 iniuria
849 1571 1023 1651 foveatur,
1061 1580 1100 1634 ut
1130 1578 1233 1654 patet
1269 1571 1316 1632 de

326 1675 673 1758 pseudoprepositis
689 1696 779 1758 quos
790 1685 949 1740 statuunt
960 1676 1003 1738 ad
1012 1677 1107 1739 bona
1117 1695 1317 1758 pauperum

325 1780 540 1861 rapiendum.
574 1778 761 1844 Seculares
785 1788 942 1843 statuunt
966 1781 1064 1862 quod
1088 1781 1318 1844 destruantur

326 1884 446 1947 iniusti
478 1904 603 1967 pacem
635 1883 832 1966 reipublice
865 1886 1116 1968 perturbantes
1149 1894 1186 1948 et
1212 1883 1317 1947 liber·

327 1997 434 2050 tatem
446 2008 486 2051 ac
497 1988 665 2072 regaliam
676 1988 772 2070 regis
788 1989 843 2051 sui
857 1987 1052 2070 proditorie
1065 1989 1317 2051 machinantes.
1332 1998 1359 2048 ι5

329 2092 393 2154 Isti
418 2103 533 2156 autem
557 2091 823 2156 infundabiliter
846 2101 1005 2156 statuunt
1037 2092 1318 2155 antichristianas

327 2198 439 2280 leges,
472 2198 569 2280 quod
602 2197 880 2280 multiplicentur
912 2217 1043 2280 segnes
1075 2206 1111 2260 et
1139 2196 1207 2259 sibi
1233 2216 1317 2259 con·

329 2301 464 2364 formes
487 2301 670 2385 prepositi,
707 2322 753 2364 ex
777 2302 906 2384 quibus
930 2309 1076 2384 oportet
1098 2321 1223 2384 pacem
1248 2300 1321 2363 Dei

329 2415 367 2468 et
397 2407 596 2468 libertatem
627 2406 724 2490 regis
756 2427 881 2491 regum
912 2407 947 2469 in
976 2405 1143 2468 membris
1171 2405 1246 2468 suis
1270 2406 1319 2468 di·

328 2509 444 2572 minui.
477 2510 656 2573 Vendicat
687 2510 779 2573 enim
804 2512 877 2574 dux
906 2511 1084 2574 exercitus
1108 2509 1364 2574 Antichristi20

329 2616 424 2696 quod
451 2613 584 2676 subditi
599 2634 671 2677 non
688 2615 873 2678 attendant
889 2616 934 2677 ad
954 2614 1162 2696 dignitatem
1179 2613 1320 2696 prelati,

330 2739 437 2802 quem
461 2720 539 2801 ipse
559 2719 719 2797 instituit,
744 2740 823 2782 cum
840 2739 883 2782 eo
900 2719 981 2801 ipso
999 2728 1165 2782 censetur
1180 2719 1320 2795 habilis,

331 2825 426 2904 quod
461 2832 516 2886 est
548 2833 671 2887 contra
703 2825 807 2886 fidem
842 2824 1020 2909 evangelii
1053 2832 1089 2886 et
1119 2823 1322 2888 libertatem

331 2929 567 2990 membrorum
597 2928 735 3005 Christi,
774 2929 896 2992 Matth.
918 2927 999 3004 V11,
1028 2949 1075 3007 15,
1113 2928 1175 2990 ubi
1212 2929 1323 2990 docet

332 3031 506 3095 Christus:
534 3031 701 3096 Attendite
723 3053 746 3095 o
765 3033 876 3113 salsis
894 3034 1079 3114 prophetis,
1102 3034 1161 3113 qui
1183 3034 1365 3095 veniuntrs

331 3139 378 3200 od
400 3157 459 3200 vos
482 3139 515 3199 in
532 3137 739 3201 vestimentis
754 3137 880 3213 ouium,
897 3139 1101 3201 intrinsecus
1110 3141 1225 3200 autem
1242 3142 1325 3199 sunt

331 3243 405 3322 lupi
421 3261 573 3322 rapaces.
590 3240 680 3303 Nam
691 3242 916 3306 elemosinam
927 3243 1076 3304 dandam
1087 3248 1192 3324 'parte
1203 3241 1324 3324 dignis

332 3345 526 3428 prepositis
549 3347 757 3430 ampliarunt
774 3348 862 3410 ultra
879 3346 982 3409 civile
1000 3346 1168 3423 debitum,
1192 3346 1325 3407 nedum

332 3451 518 3532 tyrannice
547 3452 612 3514 sed
639 3450 811 3514 blasfeme
839 3471 905 3533 per
936 3449 1123 3535 palliatas!
1144 3470 1325 3521 censuras,
1355 3456 1416 3526 249·

334 3575 420 3637 quas
441 3555 663 3618 menciuntur
681 3577 702 3618 a
719 3555 859 3618 Christo
879 3556 1079 3638 procedere
1096 3554 1325 3636 exigendam3
1338 3566 1371 3618 30

335 3668 370 3721 et
381 3668 493 3722 totum
507 3661 576 3721 hoc
591 3659 778 3723 seminavit
793 3660 827 3723 in
840 3659 992 3723 ecclesia
1007 3659 1155 3722 civilitas
1169 3679 1325 3736 cesarea,

334 3782 405 3845 que
430 3773 485 3825 est
507 3763 542 3825 in
567 3765 662 3826 clero
685 3766 727 3826 ad
753 3765 910 3827 deterius
934 3763 1190 3828 transformata.

378 3865 451 3930 Sed
476 3877 600 3930 contra
623 3868 716 3931 dicta
739 3869 912 3950 arguitur:
935 3867 1091 3931 Videtur
1117 3867 1209 3930 enim
1225 3867 1327 3929 iuxta

334 3973 423 4034 hanc
462 3971 554 4033 viam
587 3972 684 4054 quod
715 3992 819 4036 nemo
856 3975 955 4036 daret
993 3972 1153 4036 redditus
1191 3969 1327 4033 infideli

390 4247 423 4291 15.
443 4247 472 4290 B:
491 4259 540 4289 sve.
597 4249 678 4292 rell:
699 4250 834 4297 institurum
856 4249 886 4292 ib.
904 4250 932 4291 B:
952 4253 1058 4291 censetur
1075 4249 1146 4291 deest.
1202 4245 1238 4300 34.
1260 4249 1281 4290 Α
1299 4246 1325 4288 in

336 4331 422 4374 marg:
439 4320 605 4374 Argumentum
618 4331 663 4373 pro
678 4320 739 4362 malo
751 4320 851 4374 prelato.
