3008 5026
156 1778 207 1822 The
222 1789 283 1832 pope

150 1830 233 1890 should
249 1836 289 1872 not

163 1889 269 1985 litat.

652 371 822 423 sommis
841 370 980 421 wreus
1166 353 1251 432 [cnr.
1271 365 1318 409 xn.

328 536 475 606 remote,
499 535 569 591 tam
594 536 803 611 sumptuose
827 536 863 590 et
885 526 1085 610 periculose
1110 526 1251 588 laborat
1274 525 1319 588 ad

329 633 516 716 primatum
533 631 811 696 ecclesiasticum
825 631 1067 709 obtinendum,
1083 629 1166 712 quia
1182 630 1213 692 si
1228 649 1318 712 pure

329 738 388 800 vel
410 735 654 820 principaliter
680 736 832 799 intendit
860 735 1124 798 edificacionem
1153 733 1318 809 ecclesie,

329 843 435 924 plana
451 848 507 904 est
522 839 588 922 via,
604 839 760 919 brevior,
778 839 936 930 securior
953 847 989 902 et
1004 837 1085 901 Deo
1101 838 1318 921 placencior,

330 944 524 1008 laborando
540 945 727 1007 indiffinite
743 945 835 1009 sicut
850 944 1013 1008 fecerunt
1024 943 1187 1026 apostoli.
1212 941 1342 1024 Quod5

332 1049 361 1112 si
384 1050 571 1131 primatum
595 1069 684 1133 pure
707 1057 769 1112 aut
791 1049 905 1132 primo
928 1048 1090 1125 intendit,
1121 1046 1319 1109 inhabilitat

332 1174 370 1218 se
385 1155 430 1216 ad
448 1173 587 1217 omnem
604 1162 733 1218 statum
745 1152 907 1231 ecclesie,
919 1173 995 1216 cum
1011 1151 1183 1235 preponit
1197 1171 1318 1234 regem

332 1258 500 1342 superbie
523 1257 601 1340 regi
625 1278 729 1335 vero;
755 1266 791 1320 et
815 1257 864 1320 sic
885 1257 1029 1320 videtur
1051 1256 1148 1338 quod
1168 1255 1319 1319 ecclesia

331 1361 525 1443 regulanda
552 1371 592 1424 ut
619 1362 701 1424 olim
730 1360 880 1444 eligeret
902 1360 971 1423 sibi
997 1359 1238 1443 presbiterum
1261 1359 1319 1419 vel

332 1466 427 1547 quod
459 1465 614 1548 apostoli
650 1464 802 1528 infidelis
840 1464 958 1547 gentis
997 1462 1215 1525 constituant
1254 1461 1360 1524 sibiro

331 1569 564 1651 presbiteros,
581 1588 672 1651 quos
688 1577 864 1652 percepto
875 1587 1015 1631 veneno
1031 1565 1178 1649 dyaboli
1187 1566 1320 1628 debent

332 1673 483 1737 abicere.

376 1777 422 1839 Et
444 1784 546 1859 patet
568 1795 671 1857 quam
688 1784 895 1839 extraneum
912 1784 968 1839 est
986 1795 1005 1837 a
1021 1774 1189 1837 Romano
1206 1773 1320 1856 ponti·

332 1880 410 1957 lice,
449 1881 654 1962 symoniace
685 1880 904 1962 principatus
935 1878 1095 1942 ecclesiis
1123 1878 1321 1960 assignare,

332 1986 402 2048 hoc
426 1985 516 2047 enim
535 1983 629 2046 foret
651 1985 765 2047 minus
784 1985 965 2047 dissonum
987 1982 1023 2045 in
1044 1982 1153 2045 milite
1170 1983 1229 2045 vel
1253 1981 1321 2044 alio
1336 1990 1361 2040 15

333 2089 498 2172 populari
506 2112 514 2168 ;
545 2109 591 2150 ex
615 2088 744 2171 quibus
768 2087 991 2150 convincitur
1014 2086 1110 2169 quod
1132 2105 1227 2169 papa
1252 2094 1322 2148 tam

334 2193 509 2274 perplexe
533 2211 573 2255 se
597 2211 749 2255 onerans
775 2191 811 2253 in
840 2199 909 2253 tam
934 2190 1047 2253 alieno
1072 2189 1190 2252 officio
1217 2197 1323 2271 atque

335 2295 512 2380 ambiguo,
540 2304 692 2378 propter
714 2304 915 2377 reputatum
940 2293 1161 2356 commodum
1187 2301 1323 2375 tempo·

334 2402 407 2462 rale
431 2399 533 2463 nimis
549 2411 674 2483 gravat
690 2419 790 2463 suum
807 2398 972 2476 officium,
996 2416 1075 2460 cum
1091 2397 1188 2460 fatue
1204 2396 1325 2459 reddit

336 2523 375 2565 se
391 2502 602 2586 participem
619 2503 773 2565 criminis
788 2502 978 2577 hominum,
1002 2521 1093 2584 quos
1111 2501 1161 2564 sic
1177 2500 1325 2583 prefert
1336 2525 1367 2560 πο

335 2607 393 2671 Sic
431 2606 541 2670 eciam
579 2606 707 2669 dicitur
744 2606 911 2689 ampliare
948 2614 1165 2688 potestatem
1202 2625 1325 2667 eorum

336 2730 440 2792 quam
456 2710 557 2772 Deus
580 2709 704 2772 minuit
719 2711 778 2772 vel
802 2729 873 2772 non
898 2718 1028 2785 causat,
1053 2718 1089 2772 et
1106 2709 1326 2792 restringere

336 2824 552 2897 potestatem
577 2833 710 2892 eorum,
738 2834 843 2896 quam
867 2815 969 2877 Deus
991 2814 1190 2896 amplificat.
1230 2812 1324 2894 Quo·

336 2920 442 2981 modo
475 2919 583 3000 igitur
613 2917 850 3000 respondebit
872 2919 953 2981 Deo
985 2919 1114 2981 stultus
1147 2925 1218 2980 tam
1246 2937 1327 2999 pre·

336 3023 525 3106 cipitanter
548 3030 585 3084 et
607 3021 779 3085 blasfeme
802 3022 870 3085 sibi
896 3022 1104 3100 contrarius3
1133 3040 1205 3083 non
1230 3021 1368 3083 enim25

337 3134 393 3191 est
414 3126 595 3189 fundabile
611 3127 708 3209 quod
723 3129 832 3190 habet
847 3134 1063 3209 potestatem
1078 3127 1115 3189 in
1131 3125 1326 3208 episcopis,

337 3230 425 3313 ipsis
458 3230 712 3294 sciencioribus
746 3239 782 3293 et
814 3230 995 3312 copiosius
1029 3232 1148 3294 claves
1171 3230 1327 3293 ecclesie

336 3335 549 3399 habentibus
571 3345 789 3418 potestatem
814 3336 947 3398 ordinis
964 3336 1014 3400 sic
1030 3336 1249 3418 restringere
1267 3335 1325 3397 vel

336 3443 465 3504 laxare.
490 3439 577 3503 Nam
595 3442 639 3502 de
656 3449 837 3523 potestate
853 3440 1000 3523 propria
1014 3441 1083 3503 hoc
1099 3459 1169 3502 non
1190 3447 1327 3521 potest,

337 3565 427 3628 quos
450 3544 559 3626 igitur
581 3544 684 3607 funes
707 3544 816 3607 habet
837 3545 930 3607 circa
944 3553 1159 3627 potestatem
1177 3541 1326 3605 alienam
1339 3554 1371 3605 30

337 3648 502 3712 maiorem
513 3668 576 3712 sua
591 3656 784 3731 potestate,
803 3668 907 3730 quam
917 3648 1017 3712 Deus
1034 3648 1094 3711 dat
1109 3646 1327 3730 appropiate

338 3754 381 3816 ad
419 3754 703 3836 prodessendum
746 3753 918 3815 ecclesie?
963 3752 1043 3816 Non
1084 3752 1192 3835 igitur
1229 3752 1329 3814 valet

337 3858 474 3941 fingere
505 3856 723 3920 blasfemiam
756 3858 800 3920 ad
824 3857 1117 3939 magnificandum
1142 3876 1238 3920 suam
1262 3876 1328 3938 po·

338 3963 499 4039 tenciam,
523 3963 588 4025 sed
611 3982 761 4025 necesse
783 3963 891 4024 habet
912 3961 1070 4026 stabilire
1087 3961 1274 4025 ecclesiam
1292 3961 1329 4023 in

338 4075 433 4131 statu
465 4075 501 4130 et
532 4066 706 4148 religione
726 4066 731 4151 Ι
750 4065 920 4149 primeva,
952 4087 1056 4149 quam
1085 4065 1246 4130 Christus
1279 4064 1327 4127 in·
1358 4070 1417 4123 252⁸

393 4305 413 4349 5.
431 4309 459 4349 ss:
475 4304 602 4361 indefinite.
667 4318 701 4360 14.
717 4305 808 4349 (30de
820 4306 901 4361 prima
914 4306 1036 4360 primatus.
