3008 5026
711 381 881 434 JOHANNts
900 381 1039 432 wrcen
1242 362 1326 451 [cre.
1342 377 1373 422 x.

381 561 454 604 non
469 540 655 604 induceret
669 541 762 601 hunc
775 557 930 601 errorem
946 537 1031 600 fidei
1047 538 1092 600 ad
1108 558 1196 602 onus
1208 537 1374 614 ecclesie,

382 644 480 727 quod
517 641 713 726 quemlibet
745 642 946 704 Romanum
984 641 1191 723 pontificem
1228 649 1376 704 tenetur

383 748 531 811 credere
556 766 636 809 esse
659 765 798 829 papam,
825 747 885 808 vel
908 746 1005 827 quod
1028 745 1116 809 alius
1139 765 1211 808 non
1234 745 1375 808 habens

383 853 425 914 ad
448 852 517 913 hoc
540 850 801 913 revelacionem
824 849 869 911 de
893 869 932 911 se
955 848 1036 931 ipso
1059 850 1118 912 vel
1142 867 1374 932 quocumque

382 953 451 1017 alio
469 962 705 1017 conversante
729 972 849 1015 secum
869 962 1011 1017 tenetur
1028 972 1203 1036 expresse
1225 953 1400 1015 crederes

381 1059 479 1142 quod
502 1058 548 1121 sit
570 1056 835 1139 predestinatus
853 1058 913 1120 vel
935 1057 1029 1140 apud
1045 1055 1162 1119 Deum
1186 1066 1374 1140 acceptus;

382 1163 428 1225 de
451 1182 491 1225 se
513 1161 595 1244 ipso
612 1170 731 1224 tamen
757 1169 898 1224 tenetur
911 1161 980 1225 hoc
997 1180 1145 1244 sperare
1169 1169 1205 1224 et
1227 1162 1272 1223 de
1295 1160 1374 1223 aliis

382 1265 412 1329 si
435 1273 578 1328 moveat
601 1264 787 1328 evidencia
810 1264 930 1347 operis
952 1274 1130 1348 reputare.
1175 1263 1264 1327 Nam
1288 1273 1373 1328 ante

382 1368 605 1431 dotacionem
632 1367 700 1431 suit
722 1367 949 1451 privilegium
973 1377 1010 1431 et
1035 1368 1183 1432 libertas
1216 1367 1372 1431 ecclesie

382 1474 478 1555 quod
510 1492 580 1535 non
608 1473 798 1535 tenebatur
820 1471 872 1535 sic
896 1472 1051 1538 credere.
1096 1472 1185 1536 Ideo
1212 1492 1284 1536 non
1309 1474 1375 1535 ob·
1390 1494 1418 1528 ιο

381 1585 498 1641 stante
530 1575 719 1639 dotacione
752 1576 885 1638 debent
917 1576 1069 1641 ecclesie
1091 1575 1152 1639 filii
1176 1575 1374 1639 defendere

382 1678 565 1762 pristinam
596 1679 813 1750 libertatem
848 1687 885 1741 et
916 1679 968 1742 sic
990 1678 1236 1764 intelliguntur
1262 1681 1374 1743 multa

382 1783 475 1846 dicta
498 1782 654 1846 Roberti
676 1782 852 1859 Grostest‚
877 1803 947 1866 que
972 1782 1058 1846 dicit
1081 1783 1375 1847 condicionaliter

381 1897 441 1950 aut
457 1887 669 1970 reputative,
693 1887 774 1968 quia
790 1886 892 1950 aliter
915 1887 1177 1951 contradiceret
1199 1887 1268 1950 sibi
1290 1887 1373 1970 ipsi.

380 1990 486 2055 Unde
513 1990 677 2074 Epistola
699 1991 901 2067 XXXVII,
929 2000 970 2055 ut
995 1991 1143 2055 recitavi
1165 1991 1201 2055 in
1223 1991 1295 2054 fine
1318 2011 1373 2054 se·
1388 2000 1417 2051 15

382 2095 488 2159 cundi
517 2114 592 2178 cap.
617 2095 697 2161 libri
720 2093 765 2171 V,
795 2096 881 2161 dicit
902 2095 1162 2179 Lynconiensis
1189 2097 1286 2179 quod
1315 2097 1372 2158 in-

381 2201 553 2263 iustorum
577 2201 833 2282 possessionum
859 2220 947 2280 quos
969 2204 1111 2281 occupat
1138 2201 1277 2263 ccclesia
1307 2202 1372 2262 ab·

380 2304 480 2367 scisio
513 2323 580 2367 non
608 2311 655 2367 est
682 2306 903 2370 ecclesiarum
930 2305 1142 2384 imminutio,
1171 2304 1233 2367 sed
1250 2305 1376 2386 pocius

381 2427 504 2471 earum
525 2409 760 2489 pulcrificocio
783 2412 834 2472 vel
850 2408 1079 2491 pluristcocio.
1103 2407 1151 2470 Et
1172 2406 1224 2471 sic
1247 2426 1373 2470 secun-

173 2521 307 2618 ¹fs1¹1²⁸⁶⁰c⁶³
323 2533 362 2585 pot
382 2512 464 2574 dum
497 2532 576 2574 eum
609 2521 646 2574 et
677 2512 765 2576 alios
793 2521 947 2588 sanctos,
980 2512 1040 2594 qui
1067 2511 1196 2575 iniuste
1219 2520 1419 2593 occupatio

177 2576 353 2721 &iiiiii
382 2617 498 2679 locum
522 2619 695 2699 papalem,
720 2637 791 2679 non
815 2617 999 2698 sequendo
1017 2616 1193 2680 Christum
1216 2615 1252 2678 in
1268 2615 1375 2678 mori·

238 2687 357 2735 ”mm
382 2722 459 2794 bue,
483 2739 553 2783 non
578 2729 634 2783 est
656 2741 751 2802 papa
766 2722 826 2783 vel
850 2720 1011 2797 clericus,
1035 2720 1100 2783 sed
1123 2740 1215 2784 unus
1238 2720 1373 2800 dyabo-

381 2824 470 2887 licus
509 2822 572 2909 an}
597 2825 727 2907 tipapa.
773 2824 829 2886 Ex
871 2823 948 2887 istis
991 2832 1092 2907 patet
1133 2822 1373 2887 consideranti
1409 2833 1471 2888 2²6¹

382 2936 551 3009 quantum
574 2929 700 2991 malurn
725 2939 760 2990 et
784 2947 874 2991 onus
896 2928 1133 3013 irreligiosum
1154 2926 1307 2990 ecclesie
1323 2927 1370 2990 in-

382 3031 485 3095 duxit
516 3031 673 3109 dotacio;
708 3033 752 3095 ad
784 3040 918 3095 tantum
952 3033 1043 3095 enim
1070 3030 1248 3095 insaniunt
1275 3051 1372 3114 pape
1386 3047 1417 3097 25

382 3136 529 3213 cesarei,
553 3137 650 3218 quod
665 3146 788 3199 tenent
804 3157 883 3199 cum
899 3136 973 3200 suis
996 3135 1147 3218 satrapis
1163 3136 1260 3218 quod
1275 3155 1375 3219 papa

382 3261 452 3303 non
478 3241 588 3304 debet
612 3241 740 3324 corripi
762 3242 807 3303 ab
832 3240 948 3323 aliquo
971 3239 1121 3303 viatore.
1160 3238 1265 3320 Quod
1291 3259 1373 3321 pro·

190 3348 264 3407 P0ne⁵
278 3363 334 3395 even
382 3348 469 3408 bant
482 3344 683 3427 tripliciter:
700 3344 813 3426 primo
828 3364 894 3427 per
909 3345 977 3407 hoc
993 3343 1128 3427 gentile
1144 3341 1373 3425 principium:

193 3403 284 3448 deciate
297 3405 346 3447 that

177 3467 349 3563 rpprgpeeffl
382 3469 447 3530 par
477 3448 513 3510 in
545 3468 669 3530 parem
697 3469 769 3511 non
792 3449 900 3511 habet
923 3447 1119 3530 imperium,
1152 3467 1230 3510 cum
1261 3446 1374 3529 igitur

380 3572 475 3636 papa
500 3553 644 3616 excedit
667 3572 805 3615 omnem
829 3572 1020 3634 personam
1039 3552 1204 3626 viantem,
1228 3550 1373 3614 videtur
1385 3565 1419 3617 30

381 3657 477 3740 quod
505 3676 584 3719 non·
605 3656 756 3718 interest
783 3656 928 3719 alicuius
951 3656 1080 3718 viantis
1109 3674 1237 3737 papam
1262 3655 1372 3718 corri-

380 3779 476 3843 pere.
501 3757 574 3823 Sed
598 3767 764 3840 quantum
790 3759 834 3822 ad
855 3759 942 3822 illud
965 3768 1076 3843 patet,
1101 3759 1197 3842 quod
1220 3765 1290 3821 tam
1312 3760 1372 3822 de·

432 3973 454 4005 2.
470 3963 611 4014 Romanum
629 3962 658 4006 B:
674 3963 836 4006 christianum.
892 3962 926 4008 15.
941 3963 1016 4007 Codd.
1032 3963 1056 4006 in
1071 3974 1156 4018 marga
1177 3963 1241 4016 Papa
1259 3964 1374 4007 malusii

380 4037 493 4087 ertpapa.
550 4031 945 4088 19.Brveipiurr'ficacioinmrrg.
1000 4031 1188 4077 23.B=Exirio.
1244 4031 1372 4078 iteum.

380 4100 403 4143 in
419 4112 506 4155 marga
526 4100 591 4155 Papa
610 4113 657 4144 non
676 4101 744 4145 debet
755 4101 851 4157 corripi,
867 4103 955 4157 probat
969 4102 1102 4157 tripliciter.
1157 4100 1195 4146 26.
1210 4100 1228 4144 B
1242 4101 1266 4144 ln
1282 4113 1371 4157 mam:

380 4169 490 4213 Moderni
501 4169 623 4226 pontifices
636 4170 736 4215 Romani
747 4177 802 4215 suni
815 4172 928 4215 diabolici
939 4173 1058 4228 antipape.
1073 4171 1126 4216 Rec.
1141 4183 1204 4215 man.

437 4293 471 4344 ro
494 4294 532 4345 De
551 4295 628 4345 Civili
647 4297 774 4346 Dominio
793 4298 834 4359 ΙΙΙ,
854 4314 879 4363 ρ.
900 4299 940 4358 30,
964 4297 1031 4349 Rob.
1052 4298 1125 4347 linc.
1144 4299 1213 4363 Epp
1231 4312 1291 4364 pag.
1311 4296 1372 4351 ωδ.
