3008 5026
193 415 262 460 car.
283 398 348 486 vn]
498 418 542 469 nn
562 419 775 470 pornsrnrs
793 420 891 471 ΡΑΡΕ.

195 575 267 638 abit
278 575 463 639 ecclesiam
480 574 609 639 Christi
625 596 704 639 cum
719 579 934 639 mammona?
952 574 1025 656 Ille,
1034 577 1185 660 inquam,

194 679 284 743 vivit
311 681 597 763 exproprietarie
625 680 684 762 qui
715 684 762 745 ob
789 701 944 744 amorem
966 681 1037 745 Dei
1065 691 1103 746 et
1126 702 1184 746 se·

195 785 378 848 curitatem
412 805 431 847 a
464 786 575 848 seculi
598 785 813 848 seduccione
854 785 1022 868 relinquit
1046 806 1186 849 omnem

194 888 332 952 titulum
355 890 507 953 humane
531 888 731 953 securitatis
755 890 800 952 de
825 889 1014 953 dotacione
1033 892 1092 954 vel
1116 892 1186 953 ele·

172 993 330 1057 ¹&mosina
357 1002 541 1076 perpetua,
570 1013 637 1076 spe
666 1013 862 1075 suspensus
891 993 927 1055 in
949 994 1043 1073 Deo,
1072 994 1128 1056 cui
1151 994 1186 1057 in

195 1097 370 1179 superiori
409 1096 562 1160 ecclesie
601 1095 721 1160 officio
759 1096 936 1178 inturpate
971 1106 1008 1161 et
1044 1098 1186 1162 assidue

195 1201 390 1281 famuletur,
424 1201 576 1283 qualiter
600 1201 768 1264 vixerunt
799 1202 977 1284 prophete
1005 1202 1097 1285 legis
1125 1223 1184 1267 ve·

194 1306 290 1383 teris,
315 1305 476 1369 Christus
501 1325 579 1368 curn
603 1305 676 1369 suis
700 1304 873 1388 apostolis
897 1314 933 1370 et
951 1306 1051 1369 multi
1066 1316 1185 1388 poste·

193 1411 305 1474 riores
329 1409 427 1473 docti
450 1409 595 1473 abillis.
623 1409 729 1474 Unde
753 1408 934 1492 paulative
956 1411 1095 1493 recepit
1117 1410 1185 1474 iste
1243 1436 1357 1482 novoe

156 1524 306 1578 testatus
334 1516 465 1598 gradus
494 1523 531 1577 et
558 1513 856 1596 sophisticabatur
881 1514 974 1577 mille
997 1515 1185 1595 versuciis3
1208 1489 1382 1600 ,alitilia

194 1642 273 1683 nam
306 1631 468 1701 tempore
500 1619 743 1700 apostolorum
775 1617 1025 1682 dividebantur
1054 1595 1397 1702 expr0-³l1lli'f⁰{lu{¹¹‘

195 1724 361 1806 prietarii,
388 1723 446 1787 alii
474 1723 703 1786 ministrando
727 1722 859 1786 mensis
886 1723 1001 1787 etalii
1024 1745 1113 1806 pure
1137 1724 1184 1787 in·
1248 1707 1353 1758 poveny.

195 1830 385 1892 tendentes
423 1827 724 1910 evangelizacioni
761 1837 797 1890 et
829 1826 906 1891 aliis
944 1827 1185 1911 spiritualibus

195 1935 366 2016 operibus
389 1933 598 2014 sacerdotis,
627 1941 666 1996 ut
692 1941 793 2014 patet
816 1934 897 1998 Act.
916 1932 978 1999 VI.
1016 1931 1185 1997 Secundo

156 2039 332 2121 srecepit
370 2040 485 2102 clerus
523 2040 664 2121 glebam
698 2046 734 2101 et
765 2037 944 2121 paulative
976 2037 1186 2101 dotaciones

195 2143 382 2207 ulteriores
407 2164 453 2207 ex
478 2143 580 2206 titulo
605 2143 800 2207 elemosine
823 2142 900 2206 sine
918 2141 1111 2206 affeccione
1127 2143 1185 2206 vel

194 2249 385 2312 securitate
413 2250 571 2326 humana,
603 2268 686 2330 ymo
714 2246 870 2329 rapinam
899 2257 936 2311 et
963 2248 1185 2311 oblacionem

194 2353 313 2416 talium
339 2373 416 2415 cum
441 2353 571 2433 gaudio
600 2361 845 2435 susceperunt.
873 2352 921 2415 Et
943 2352 994 2415 sic
1010 2352 1077 2415 fuit
1099 2361 1184 2415 tem·

194 2478 283 2540 pore
299 2457 494 2541 Augustini
510 2467 547 2521 et
569 2457 715 2520 aliorum
739 2466 950 2538 sanctorum,
974 2457 1036 2538 qui
1058 2456 1185 2519 leviter

152 2572 444 2644 20peceaverunt.
482 2561 552 2627 Sed
585 2582 663 2625 cum
695 2561 773 2624 istis
806 2561 982 2643 surrepsit
1010 2580 1184 2623 venenum

195 2667 350 2749 dyaboli,
379 2687 449 2749 quo
479 2687 556 2730 curn
585 2666 885 2748 expropriacione
913 2666 959 2728 de
984 2666 1077 2728 facto
1102 2685 1183 2746 pro·

195 2770 410 2852 priacionem
442 2770 631 2834 immiscuit
663 2774 698 2834 in
731 2770 905 2851 affectum,
939 2780 977 2832 ut
1009 2778 1109 2852 patet
1140 2770 1184 2831 de

195 2874 357 2938 Scarioth
397 2884 434 2938 et
464 2874 582 2938 multis
615 2874 863 2956 sequentibus;
902 2875 1062 2937 secundo
1097 2893 1184 2936 vero

194 2978 465 3042 subintroducte
490 2989 573 3041 sunt
595 2978 706 3041 lacius
723 2981 859 3041 cautele
878 2978 1032 3061 dyaboli,
1056 2978 1185 3059 quibus

103 3089 166 3140 201b
195 3083 387 3147 elemosine
416 3093 591 3164 occupate
615 3103 635 3145 a
669 3083 808 3146 notorie
836 3082 991 3164 indignis
1020 3091 1102 3145 sunt
1122 3081 1126 3163 Ι
1147 3090 1186 3143 ut

193 3187 372 3250 hereditas
396 3186 598 3250 avidissime
618 3186 813 3250 vendicata.
845 3186 891 3248 Et
919 3186 964 3249 ad
987 3185 1184 3248 defenden-

195 3292 277 3353 dum
300 3290 403 3353 istam
428 3291 512 3353 cleri
535 3290 723 3354 avariciam
747 3299 829 3353 sunt
852 3292 960 3353 multe
984 3291 1085 3370 leges
1103 3309 1184 3352 con-

196 3396 279 3475 dite,
311 3395 346 3456 iu
379 3403 513 3457 tantum
545 3396 642 3477 quod
675 3394 787 3457 oblito
816 3395 876 3457 tali
906 3393 1025 3456 officio
1051 3414 1185 3456 summe

195 3519 260 3581 pro
278 3501 377 3562 lucro
395 3500 580 3581 temporali
597 3500 835 3577 contenditur,
853 3508 890 3562 et
904 3500 992 3561 illud
1008 3519 1185 3562 venenum

152 3613 252 3666 3oest
284 3602 518 3685 periculosius
543 3614 580 3666 et
608 3603 807 3666 extensius:
835 3603 917 3665 ideo
943 3623 987 3664 ve
1015 3602 1093 3684 illis,
1126 3602 1186 3685 qui

195 3708 318 3771 fovent
340 3708 456 3790 ipsum
480 3717 630 3790 propter
654 3707 804 3770 animum
829 3706 1040 3772 dominandi.

238 3810 331 3876 Sunt
357 3823 473 3874 autem
500 3811 599 3875 multi
628 3811 709 3890 fuci,
737 3810 866 3894 quibus
896 3811 1060 3894 discipuli
1085 3811 1185 3874 Anti-

195 3916 315 3979 christi
347 3919 557 3999 perturbant
588 3916 790 3980 ecclesiam:
824 3925 978 3999 querunt
1006 3916 1098 3978 enim
1127 3917 1185 3979 de·

195 4020 430 4104 scripcionem
446 4021 520 4084 vite
544 4021 830 4103 exproprietarie
855 4030 892 4085 et
915 4028 1071 4102 arguunt
1089 4020 1186 4103 quod

249 4292 266 4322 r.
286 4281 305 4322 Α
325 4280 348 4322 in
369 4290 454 4333 marga
471 4278 534 4334 Quid
551 4282 586 4322 est
604 4279 683 4322 vivere
700 4279 902 4334 exproprtetarr'e;
922 4277 939 4320 B
959 4279 981 4320 in
1002 4290 1088 4331 marg:
1108 4277 1186 4321 Vivere

195 4349 389 4404 exproprietarr'e.

246 4446 278 4482 Da
290 4445 403 4483 Poterant·
415 4444 481 4488 Pana.
1052 4453 1077 4487 Η
