3008 5026
162 383 220 442 ¹90
696 381 866 431 Jonnrnus
886 380 1025 429 wvcllf
1199 363 1280 444 [civ.
1298 374 1361 419 vm.

174 550 345 648 {perpendite
373 537 470 618 quod
502 537 531 601 si
563 546 712 619 uterque
744 536 889 600 istorum
929 535 1014 599 dicit
1047 536 1277 599 conformiter
1314 537 1360 599 ad

169 657 353 754 ppptrircshpsetto
371 642 462 704 illam
496 649 787 724 extravagantem
820 641 1033 703 decretalem
1065 639 1240 703 BonIfacii
1268 638 1360 703 VIII

321 741 326 752 '
376 743 488 810 Unam
512 745 677 808 Sanctam
710 744 809 826 quod
840 743 907 806 nisi
939 742 1017 826 quis
1050 742 1194 806 obediat
1225 743 1292 807 sibi
1320 752 1360 807 ut

371 848 478 931 capiti
510 849 626 913 tocius
660 848 822 922 ecclesie,
855 867 926 910 non
960 855 1015 909 est
1047 847 1092 909 de
1119 868 1266 911 numero
1294 850 1358 911 sal-

370 955 574 1032 vandorum,
598 962 744 1036 oportet
763 959 950 1035 utrumque
967 951 1167 1035 relinquere
1183 962 1383 1036 tamquam}

371 1060 518 1122 alterum
542 1057 808 1120 Antichristum.
836 1056 940 1119 Multi
963 1056 1055 1119 enim
1078 1066 1178 1119 erant
1200 1058 1289 1120 tales
1314 1058 1359 1121 de

370 1162 542 1226 Romanis
566 1161 803 1244 pontificibus
827 1162 920 1223 unde
944 1169 1062 1223 narrat
1085 1160 1267 1243 predictus
1283 1182 1358 1224 cro-

371 1267 490 1329 nicans
513 1266 547 1328 in
571 1265 663 1328 libro
680 1285 745 1327 suo
767 1266 811 1327 de
828 1264 992 1328 Floribus
1008 1264 1251 1344 Historiarum,
1275 1285 1358 1348 quo·

370 1371 476 1433 modo
501 1391 591 1432 anno
616 1369 736 1450 gracie
757 1368 858 1432 DCV
882 1389 976 1450 papa
999 1367 1210 1432 Sabinianus
1232 1371 1357 1432 libera·

369 1473 501 1536 litatem
518 1472 612 1536 beati
632 1471 795 1551 Gregorii
810 1471 1078 1555 predecessoris
1099 1472 1153 1534 sui
1170 1472 1359 1555 derogavit
1373 1503 1402 1535 ιο

370 1588 406 1641 et
439 1581 504 1640 sub
536 1578 604 1639 hoc
643 1579 793 1639 obtentu
831 1596 968 1639 manum
1008 1575 1131 1658 egenis
1169 1576 1357 1656 subtraxit,

370 1681 565 1765 Gregorius
595 1702 673 1743 eum
701 1700 764 1761 per
791 1682 901 1742 visum
924 1685 975 1741 ter
1002 1699 1069 1761 pro
1094 1681 1197 1761 culpa
1220 1680 1358 1743 tenacie

369 1793 406 1848 et
436 1785 539 1847 huius
572 1783 819 1869 derogacionis
847 1785 1045 1864 increpavit,
1078 1789 1108 1846 et
1134 1790 1255 1865 quarto
1278 1785 1356 1846 hor·

368 1889 515 1952 ribiliter
547 1889 734 1971 increpans
767 1895 802 1950 et
836 1887 1049 1950 comminans
1078 1890 1113 1950 in
1141 1889 1250 1969 capite
1275 1908 1356 1970 per-

368 1996 481 2074 cussit,
505 2013 569 2074 qno
593 1995 709 2056 dolore
729 1997 867 2054 vexatas
885 1994 993 2073 panio
1014 1997 1091 2072 post
1113 1993 1201 2056 obiit.
1372 2006 1400 2056 15

179 2100 326 2198 oromate
412 2098 512 2176 Item,
544 2096 655 2160 simile
688 2105 803 2159 narrat
826 2094 1027 2159 Cestrensis
1063 2096 1154 2160 libro
1188 2116 1253 2159 suo
1285 2095 1357 2158 VII

173 2205 340 2252 ¹⁰n0⁶01¹¹1V·
370 2201 520 2265 MCCVI
553 2204 600 2264 ad
626 2219 760 2282 papam
794 2200 1032 2262 Innocencium
1065 2202 1160 2263 misit
1191 2199 1358 2263 Robertns

368 2307 609 2386 Lynconiensis
625 2306 802 2386 epistolam
821 2304 1020 2367 invectivam
1030 2305 1116 2367 satis
1130 2309 1159 2366 et
1171 2309 1356 2384 tonantem,

364 2430 429 2492 pro
453 2431 490 2473 eo
513 2410 603 2490 qnod
624 2410 782 2472 ecclesias
801 2407 925 2487 Anglie
950 2409 1106 2471 indebitis
1126 2410 1358 2471 exaccionibns

367 2534 490 2577 vexare
512 2516 701 2587 videretnr‚·
722 2515 786 2575 trac
808 2514 849 2575 de
872 2532 978 2575 cansa
999 2512 1046 2574 ad
1061 2515 1199 2575 cariam
1219 2518 1358 2575 vocatus
1369 2542 1401 2575 20

368 2624 424 2694 est,
452 2624 481 2680 et
504 2638 582 2680 cum
610 2619 657 2679 ibi
680 2619 924 2697 molestaretur,
952 2617 1137 2697 appellavit
1164 2621 1358 2680 constanter

367 2743 388 2785 a
412 2723 511 2786 caria
538 2722 729 2784 Innocencii
750 2723 797 2783 ad
818 2722 971 2783 tribunal
996 2719 1138 2794 Cirristi,·
1160 2723 1250 2782 rende
1272 2736 1353 2784 con-

367 2828 452 2907 tigit,
484 2829 574 2906 qrrod
595 2826 738 2887 Roberto
771 2827 805 2886 in
832 2825 961 2904 Anglia
993 2827 1129 2888 obeunte
1160 2828 1282 2887 andita
1310 2831 1357 2888 est

367 2951 432 2994 vox
448 2932 483 2992 in
499 2932 599 2992 cnria
612 2949 719 3009 pape:
738 2928 816 2990 Veni
833 2930 935 2991 miser
951 2931 998 2990 ad
1017 2929 1022 3008 Ι
1043 2931 1222 3003 indicinm‚·
1237 2948 1354 3009 reper—
1387 2943 1447 2993 208⁰

368 3041 484 3114 tnsqne
499 3039 546 3096 esi
563 3035 598 3094 in
615 3034 764 3095 crastino
788 3051 884 3114 papa
905 3033 1087 3108 exanimis,
1103 3035 1203 3113 qnasi
1218 3035 1357 3115 cuspide
1368 3049 1399 3097 25

368 3139 480 3201 bacilli
507 3141 542 3199 in
570 3140 676 3199 latere
701 3156 891 3217 percussus.
929 3137 995 3217 Qni
1023 3139 1099 3199 licei
1121 3137 1359 3218 perspicacius

367 3243 531 3326 effulserit
555 3243 740 3320 miraculis,
763 3241 951 3320 transferri
972 3247 1086 3304 tamen
1111 3244 1145 3303 in
1160 3247 1357 3303 sanctornm

367 3349 541 3426 cathalogo
565 3365 586 3408 a
610 3347 709 3408 cnria
733 3364 798 3407 non
822 3355 870 3407 est
888 3348 1090 3427 permissus.
1115 3344 1190 3407 Nec
1213 3354 1268 3407 est
1291 3365 1356 3424 pu·

367 3453 509 3513 tandum
531 3448 619 3511 istos
644 3455 786 3510 sanctos
808 3448 1084 3529 iregularitatem
1102 3449 1161 3509 vel
1185 3446 1356 3511 offensam

362 3553 436 3616 Dei
467 3553 645 3615 incurrere
679 3573 725 3613 ex
758 3552 989 3633 percussione
1022 3552 1118 3616 letali
1142 3571 1355 3614 summorum
1369 3571 1401 3620 30

367 3658 589 3739 pontificum;
629 3657 688 3738 qui
720 3656 887 3719 viderunt
924 3657 1020 3738 quod
1058 3663 1158 3719 erant
1194 3655 1356 3738 precipui

421 3892 441 3923 2.
461 3879 502 3922 ΑΒ
522 3878 545 3921 in
567 3890 651 3932 marra:
673 3876 815 3921 obediencia
832 3889 895 3931 pape
913 3881 971 3920 nota
990 3878 1054 3921 bene.
1116 3890 1137 3934 9.
1161 3875 1255 3928 DCCV,·
1272 3877 1356 3922 codd:

366 3947 454 3992 LXVll.
516 3961 547 3990 ro.
569 3948 609 3991 AB
629 3947 652 3990 in
670 3959 755 4000 marga
777 3945 910 4001 Gregorius
927 3953 1021 3990 sanctur
1038 3959 1102 4002 papa
1121 3947 1205 3990 occidit
1222 3959 1288 3990 snum
1307 3960 1356 3990 ruc-

367 4030 488 4061 cessorem.
544 4028 577 4071 17.
596 4015 656 4059 1206
675 4017 732 4067 (sic).
754 4015 806 4059 Non
827 4023 862 4058 cst
879 4016 1030 4059 Innocentius
1045 4016 1076 4059 111
1096 4016 1135 4059 sed
1150 4016 1301 4060 Innocentius
1314 4016 1355 4060 1v.

369 4087 402 4132 18.
417 4087 457 4131 ΑΒ
473 4087 494 4130 in
511 4099 597 4140 marg:
612 4087 744 4141 Appellavit
756 4085 924 4129 lincolniensis
937 4089 969 4128 aa
982 4087 1085 4129 tribunal
1099 4085 1190 4130 Clrrirti.

421 4213 444 4263 3.
463 4212 566 4260 Extruv.
586 4211 690 4262 Comm.
709 4211 753 4262 lib.
773 4212 791 4276 l,
814 4212 852 4261 tit.
871 4211 936 4272 Vlll,
956 4226 1012 4275 cap.
1033 4227 1053 4260 r.
1125 4227 1149 4278 r).
1170 4211 1354 4278 Polychronic.

369 4296 500 4361 Ranulphi
520 4298 550 4358 V,
570 4310 629 4357 412.
704 4312 741 4361 17.
761 4298 824 4348 lbid.
845 4298 909 4359 Vlll,
933 4311 990 4357 240.
