3008 5026
137 403 206 449 cns.
221 386 253 476 1.]
434 406 479 456 os
499 406 709 457 potestate
733 409 830 459 PAPE.

135 566 283 647 spiritus
304 567 394 646 estiS,
419 573 455 626 et
477 563 503 626 I.
519 564 597 642 Joh.
614 563 676 642 IV,
694 584 727 644 3:
756 563 877 628 Omnis
891 565 1044 646 spiritus,
1067 567 1126 645 qui

135 671 233 733 solvit
247 669 402 743 Jtesum,
425 686 464 731 ex
485 668 556 731 Deo
573 675 714 750 nonest,
738 667 882 751 spiritus
899 667 950 731 ibi
973 678 1029 731 est
1044 671 1125 732 sub·

136 773 207 836 tilis
229 773 418 837 hereticus.
455 772 501 834 Et
525 772 576 834 sic
599 772 676 834 sive
701 771 942 855 analogizetur
964 782 1125 856 potestas

43 891 108 945 163·
137 881 182 942 ad
205 879 322 941 Deum
356 895 390 939 et
423 885 601 941 creaturas
629 876 834 952 racionales,
859 876 960 961 lsive
983 878 1124 942 restrin-

111 992 243 1066 5gatur
284 983 331 1045 ad
372 990 574 1064 potestates
611 981 790 1044 hominum
833 991 869 1044 et
906 983 1124 1064 angelorum,

136 1106 262 1150 verum
295 1095 360 1156 est,
393 1088 492 1169 quod
524 1085 637 1149 omnis
669 1094 831 1166 potestas
855 1084 1045 1169 spiritualis
1070 1094 1125 1149 est

136 1199 299 1274 potestas
337 1189 491 1273 spiritus.
528 1190 574 1252 Et
612 1188 772 1273 quamvis
809 1191 915 1253 homo
954 1209 1026 1252 non
1064 1190 1125 1251 det

135 1294 300 1379 graciam,
323 1293 495 1357 ministrat
518 1304 635 1357 tamen
656 1303 883 1365 sacramenta,
907 1303 946 1356 ut
961 1294 1124 1357 subditus

135 1399 330 1462 secundum
352 1400 445 1461 bona
467 1398 588 1481 gracie
612 1398 791 1481 dirigatur.

94 1532 125 1568 ιο
179 1504 347 1567 Potestas
370 1513 487 1566 autem
511 1503 717 1586 corporalis,
750 1503 911 1586 quamvis
939 1502 985 1566 sit
1006 1502 1126 1584 gracia
1136 1521 1249 1618 Corpora!
1278 1537 1342 1570 owe

135 1612 312 1672 bonorum
329 1606 459 1689 gracie,
476 1617 592 1669 tamen
609 1606 809 1669 immediate
829 1618 893 1687 est,
910 1616 949 1669 ut
965 1582 1337 1674 creaturaiifihi‘c'ieaiiiieg

135 1713 207 1776 Dei
231 1711 416 1776 ordinetur
439 1712 632 1774 secundum
661 1714 753 1774 bona
781 1711 951 1774 naturalia
975 1712 1033 1774 vel
1056 1711 1124 1774 for·
1143 1681 1331 1785 gllfflllille

134 1827 230 1880 tune.
254 1816 300 1878 Et
315 1815 364 1879 ita
378 1815 522 1880 videtur
545 1815 657 1879 omnis
675 1817 782 1879 homo
798 1817 930 1879 habere
948 1815 1124 1899 duplicem
1167 1797 1194 1828 ΘΓ
1207 1785 1308 1830 'mm'

133 1929 360 2005 potestatem,
393 1940 472 1983 cum
507 1920 749 1983 omnishomo
774 1922 883 1984 debet
905 1921 1037 1983 habere
1060 1940 1123 2002 po·

94 2035 300 2094 15testatem
333 2045 442 2108 super
474 2034 572 2088 actus
604 2027 852 2104 membrorum,
892 2034 927 2087 et
958 2034 1124 2109 preterea

133 2132 243 2194 habet
266 2138 482 2212 potestatem
505 2129 625 2192 viandi
647 2129 682 2192 in
706 2130 835 2213 gracia.

179 2236 267 2300 Ideo
298 2243 459 2318 potestas
491 2232 683 2317 spiritualis
716 2235 811 2317 capit
845 2233 1124 2297 subdivisionem
1140 2253 1334 2363 oppegeppipplts

135 2337 376 2422 multiplicem,
402 2359 481 2402 cum
505 2338 621 2421 aliqua
644 2339 689 2401 sit
713 2339 858 2422 ordiniS,
883 2349 918 2401 et
941 2339 1057 2423 aliqua
1079 2338 1124 2402 sit
1164 2371 1256 2414 pom
1271 2361 1309 2404 the

136 2443 339 2507 communis.
384 2443 552 2506 Potestas
596 2442 729 2506 ordinis
770 2453 920 2507 vocatur
960 2452 1123 2526 potestas
1147 2423 1327 2509 illailla

91 2547 326 2631 aospiritualis
355 2567 461 2629 quam
488 2548 597 2610 habet
620 2547 770 2611 clericus
794 2550 838 2611 ad
860 2548 1125 2612 ministrandum
1138 2517 1289 2630 gigarim
1302 2531 1332 2614 iit

135 2651 288 2715 ecclesie
320 2661 547 2730 sacramenta,
581 2661 620 2714 ut
652 2652 880 2735 spiritualiter
911 2653 1025 2736 prosit
1057 2652 1125 2715 sibi
1172 2621 1305 2666 cmm

136 2767 172 2819 et
196 2755 304 2835 laicis,
331 2766 370 2819 ut
399 2767 455 2819 est
476 2766 641 2839 potestas
666 2758 886 2839 conficiendi,
914 2758 1124 2821 absolvendi

135 2872 172 2923 et
204 2869 423 2923 sacramenta
454 2859 684 2924 ministrandi.
722 2861 811 2924 Nam
846 2871 1009 2944 potestas
1042 2881 1123 2925 con-

133 2965 276 3028 ficiendi
300 2964 483 3027 ordinatur
510 2985 578 3047 per
607 2984 645 3028 se
670 2975 705 3029 et
720 2966 932 3048 immediate,
955 2976 993 3028 ut
1009 2986 1122 3029 sacer·

90 3084 121 3134 25
135 3071 200 3133 dos
235 3068 408 3144 conficiat,
442 3068 533 3132 sicut
564 3069 705 3133 habitus
729 3069 868 3133 virtutis
900 3071 1041 3135 moralis
1070 3091 1122 3134 or·

134 3173 297 3236 dinantur
328 3182 479 3256 propter
517 3182 615 3236 actus
652 3173 831 3237 habitibus
868 3175 1044 3257 meliores,
1087 3186 1123 3239 et

135 3297 214 3340 cum
231 3279 407 3354 sacerdos,
431 3287 470 3339 ut
491 3277 600 3360 digne
622 3278 795 3357 conficiat,
812 3279 972 3363 dirigitur
999 3300 1122 3343 secun·

134 3383 216 3444 dum
242 3383 336 3445 bona
358 3381 489 3464 gracie,
520 3383 604 3446 ideo
637 3392 737 3466 patet
760 3383 795 3446 in
818 3384 887 3447 isto
920 3394 956 3447 et
983 3384 1050 3447 sibi
1078 3384 1122 3447 si-

132 3486 273 3550 milibus
307 3487 506 3570 descripcio
540 3488 754 3570 supradicta.
798 3490 966 3553 Potestas
1004 3499 1121 3553 autem

88 3607 122 3657 30
133 3590 324 3674 spiritualis
348 3592 552 3668 communis,
576 3612 680 3675 quam
695 3594 804 3656 habet
821 3593 970 3676 quilibet
987 3594 1120 3657 christi·

132 3715 229 3776 anus,
250 3695 285 3757 in
311 3697 514 3759 exercendo
539 3717 650 3778 opera
671 3697 864 3781 spiritualia
879 3698 1120 3762 misericordie

130 3799 165 3862 in
190 3818 229 3863 se
254 3808 291 3862 et
312 3799 348 3862 in
373 3799 459 3883 aliis,
484 3801 529 3863 de
554 3801 682 3884 quibus
705 3802 863 3865 meminit
885 3803 954 3866 iste
977 3823 1120 3866 versus:

184 4069 217 4101 ro.
233 4057 274 4101 ΑΒ
288 4057 313 4102 in
327 4069 417 4111 marg:
431 4056 537 4101 Potestas
547 4059 688 4114 corporatis.
744 4059 776 4103 18.
791 4061 825 4103 Αι
840 4060 896 4103 atta.
955 4061 987 4114 18,
1001 4070 1033 4118 19.
1050 4063 1078 4106 Βι
1087 4063 1122 4117 fit

129 4129 264 4171 communis.
321 4141 354 4184 ¹9·
370 4129 392 4171 Α
406 4128 429 4171 in
445 4139 533 4182 marg:
553 4129 658 4174 Potestas
676 4130 774 4178 ordinis,
829 4143 863 4175 21.
879 4131 967 4177 cedda
985 4144 1119 4177 sacramen·

129 4198 196 4240 tatia.
251 4209 289 4253 ²9·
304 4198 322 4241 B
337 4199 360 4241 in
377 4209 463 4251 marga
479 4198 586 4242 Potestas
601 4200 728 4244 communis
742 4200 888 4245 ctsrs'sts'ants.

202 4342 292 4392 1-32.
311 4342 342 4391 V.
363 4342 450 4392 Hussii
473 4340 644 4407 Opp.213¹⁵.
