3008 5026
181 389 243 436 CAP.
262 375 316 466 nt]
470 396 515 448 DE
535 395 748 449 PO'IESTATE
766 397 863 450 ΡΑΡΕ.

179 551 290 616 ficabo
315 573 424 636 super
446 554 631 618 ecclesiam
655 554 935 637 malignancium,
958 554 1074 617 dando
1098 552 1164 616 tibi

178 664 388 738 potestatem
397 657 532 744 ligandi
541 667 647 742 atque
659 658 834 740 solvendi,
845 668 884 722 ut
899 678 971 721 non
981 656 1161 740 superflue

178 778 333 843 occupes
365 761 485 826 claves
520 762 681 843 ecclesie,
713 783 801 847 quas
826 763 908 826 dedi
931 761 997 826 tibi
1019 762 1161 825 racione

177 863 409 930 confessionis
446 867 626 931 meritorie
664 867 889 932 humanitatis
928 876 965 930 et
997 864 1160 950 deitatisl

105 973 151 1041 172⁴
176 988 241 1050 qua
279 989 298 1033 a
336 968 470 1054 Spiritu
509 970 641 1038 Sancto
682 973 832 1037 edoctus
871 971 1003 1049 dixisti,
1045 979 1083 1034 tu
1122 989 1161 1033 es

176 1071 334 1138 Christus
367 1086 403 1139 et
435 1096 501 1159 per
532 1096 759 1159 consequens
792 1096 900 1140 verus
931 1077 1038 1139 homo
1069 1074 1161 1138 filius

175 1176 241 1241 Dei
264 1179 350 1259 vivi;
379 1183 478 1264 quod
499 1200 571 1244 non
595 1181 724 1246 suisset
745 1181 966 1264 pertinenter
994 1178 1161 1260 additum,

174 1282 239 1345 nisi
269 1283 531 1367 intelligeretur
555 1286 600 1348 de
626 1285 695 1348 lilio
717 1285 875 1351 naturali.
913 1285 959 1348 Et
985 1284 1054 1347 ista
1077 1302 1159 1346 con·
1233 1295 1318 1340 terens

173 1386 282 1451 fessio
307 1398 362 1453 est
385 1389 536 1453 maxime
557 1389 740 1473 pertinens
758 1388 946 1454 christiano
961 1387 1160 1472 preposito,
1197 1348 1330 1444 eorm
1345 1362 1358 1392 ⁴¹

825 1494 832 1508 ,
992 1492 999 1507 ,
1138 1491 1146 1505 ,
1201 1453 1339 1497 Antichrisr.

140 1500 210 1555 rout
240 1502 341 1574 patet
362 1494 442 1572 Joh.
465 1493 528 1576 IV,
553 1514 597 1557 eo
621 1495 717 1577 quod
741 1514 892 1557 maxime
916 1496 1040 1557 obviat
1061 1494 1160 1556 Anti·

174 1595 317 1679 christo,
334 1597 503 1681 cumipse
519 1597 666 1682 negabit
681 1596 900 1662 divinitatem
918 1607 956 1661 et
964 1595 1160 1678 infatuabit,

173 1709 339 1782 quantum
354 1701 390 1764 in
409 1702 490 1785 ipso
515 1702 590 1782 erit,
608 1701 739 1766 Christi
755 1701 962 1785 pauperiem
984 1710 1024 1764 et
1039 1700 1161 1763 volun·

172 1805 292 1868 tariam
315 1805 527 1889 passionem.
550 1804 624 1869 Ubi
647 1805 740 1869 enim
763 1825 829 1869 nos
854 1804 1034 1868 christiani
1057 1805 1161 1867 doce·

172 1929 245 1971 mur
270 1929 288 1972 a
311 1907 451 1972 Christo
476 1918 513 1972 et
540 1908 692 1973 ecclesia
720 1919 894 1992 expetere
912 1906 1159 1982 constanciam,

138 2019 344 2096 oprospera
365 2012 486 2076 mundi
515 2012 702 2096 despicere
725 2022 761 2076 et
793 2013 887 2076 nulla
912 2013 987 2076 eius
1011 2013 1161 2074 adversa

171 2114 368 2199 formidare,
396 2115 638 2180 Antichristus
667 2125 814 2180 econtra
842 2136 921 2180 cum
944 2115 1063 2179 multis
1086 2114 1160 2178 suis

172 2219 279 2285 docet
308 2220 470 2285 homines
505 2222 550 2284 ad
577 2221 698 2284 mundi
726 2240 902 2304 prospera
934 2209 1090 2304 aspirare
1124 2228 1161 2283 et

171 2325 382 2406 penalitates
406 2334 670 2408 contempnere,
693 2326 787 2388 unde
803 2324 942 2404 Petrus,
966 2324 1048 2407 quia
1068 2323 1160 2388 dixit

172 2427 321 2509 Christo,
345 2431 432 2493 absit
453 2430 515 2493 hoc
536 2448 560 2492 a
582 2434 613 2493 te
623 2429 771 2492 Domine
787 2439 825 2491 ut
839 2428 949 2492 vadas
965 2428 1159 2506 Jerusalem

134 2532 338 2615 aocrucifigi,
361 2543 511 2597 vocatus
535 2542 591 2597 est
614 2535 657 2595 ab
683 2553 726 2595 eo
747 2530 922 2596 Sathenas
944 2533 1050 2615 paulo
1074 2541 1160 2614 post

169 2637 235 2700 hoc
251 2636 477 2720 privilegium
494 2636 685 2719 singulare,
702 2646 741 2701 ut
757 2646 858 2720 patet
872 2637 980 2699 Math.
992 2634 1095 2715 XVI,
1108 2656 1157 2716 23,

170 2741 213 2804 ad
236 2742 477 2805 denotandum
506 2743 600 2824 quod
630 2741 710 2824 ipse
735 2749 792 2805 est
814 2739 1000 2822 potissime
1018 2739 1157 2804 Christo

171 2846 362 2909 adversans
400 2855 575 2928 tamquam
615 2846 704 2909 alter
738 2844 990 2923 Antichristus,
1029 2844 1088 2927 qui
1122 2845 1157 2907 in

169 2959 379 3033 paupertate
413 2959 449 3014 et
477 2951 670 3033 penalitate
694 2949 816 3013 abnuit
843 2948 945 3032 sequi
968 2947 1156 3013 Christum.

131 3055 273 3119 25Unde
305 3055 375 3119 isto
409 3065 511 3119 scuto
543 3056 627 3120 fidei
651 3064 802 3119 armatus
827 3063 883 3117 est
905 3054 1033 3118 Petrus
1059 3063 1156 3138 post-

168 3161 319 3238 modum,
337 3180 498 3243 cumpro
515 3160 656 3224 Christo
672 3158 814 3241 reliquit
825 3178 965 3223 uxorem
983 3164 1012 3222 et
1027 3161 1156 3235 omnia,

168 3265 351 3349 sequendo
388 3265 505 3348 ipsum
542 3266 650 3331 Math.
687 3265 793 3342 XIX,
828 3284 879 3346 27,
917 3284 983 3346 pro
1016 3262 1156 3332 Christo

168 3369 331 3453 promisit
363 3389 403 3433 se
435 3370 524 3434 mori
556 3372 783 3454 percuciendo
815 3389 953 3434 servum
981 3369 1157 3451 pontificis

166 3475 243 3554 Joh.
258 3473 400 3554 XVIII,
422 3495 468 3555 io,
493 3495 559 3557 pro
576 3475 717 3539 Christo
735 3474 905 3557 exposuit
921 3493 961 3536 se
984 3473 1020 3535 in
1031 3493 1155 3555 aquam

127 3587 157 3638 30
166 3579 273 3643 Math.
284 3578 377 3641 XIV
389 3588 425 3642 et
434 3580 508 3658 Joh.
519 3579 641 3643 ultimo
653 3589 689 3643 et
706 3580 846 3642 demum
856 3577 892 3640 in
904 3577 1021 3660 capite
1036 3576 1156 3640 mundi

166 3681 286 3746 Roma
307 3703 374 3766 pro
399 3682 539 3748 Christo
562 3684 711 3767 pertulit
734 3694 884 3747 mortem
906 3685 1079 3746 acerbam.

210 3788 305 3870 Quid
336 3788 444 3871 igitur
467 3791 569 3852 datur
590 3788 750 3871 intelligi,
783 3788 881 3870 quod
903 3789 1001 3850 solus
1024 3787 1155 3849 Petrus
1165 3796 1263 3891 pm,
1272 3796 1372 3891 XXXI

165 3891 354 3955 videbatur
377 3913 396 3955 a
419 3892 562 3956 domino
586 3892 694 3956 Math.
710 3891 803 3954 XIV
825 3891 947 3954 venire
971 3892 1014 3953 ad
1037 3890 1155 3973 ipsum

165 4015 273 4079 supra
294 4016 399 4075 mare,
422 3996 489 4060 nisi
512 3997 608 4079 quod
631 4016 782 4080 presens
806 3997 962 4058 seculum
979 4015 1044 4077 per
1059 4015 1154 4059 marc

220 4232 251 4273 14.
268 4218 355 4264 Codri:
373 4219 501 4264 ecclesiam.
558 4230 591 4275 17.
607 4220 636 4263 B:
652 4220 762 4274 aspirare
776 4218 848 4262 deest.

221 4345 258 4396 ¹9·
278 4328 368 4380 Matth.
388 4329 456 4394 XVI,
476 4328 516 4380 23.

217 4421 249 4459 Dr
260 4422 372 4460 Potestne
384 4422 450 4464 Pane.
