3008 5026
187 410 255 458 can.
270 394 312 485 a]
488 415 533 466 ne
552 412 763 467 potestant
782 412 879 466 nans.

188 572 351 637 cessione
385 571 515 636 cesaris
548 573 658 636 debet
689 571 767 656 ipse
796 569 986 636 dominium
1012 571 1046 634 in
1070 568 1175 634 nobis

96 682 159 750 217⁴
188 678 246 741 vel
269 677 403 743 nostris
425 675 715 760 possessionibus
736 672 741 761 l
761 675 960 740 vendicare.
984 674 1067 739 Non
1083 675 1175 739 enim

187 785 296 849 habet
319 803 366 846 ex
389 781 492 846 titulo
517 780 648 846 cesaris
672 780 822 864 amplius
844 780 1047 858 dominium,
1071 800 1174 863 quarn

189 887 405 972 originaliter
420 886 544 950 habuit
564 885 625 968 qui
642 885 796 950 donavit.
813 882 886 951 Sed
900 894 1000 969 patet
1016 905 1063 949 ex
1079 885 1173 949 facto

162 1001 224 1057 §et
257 991 407 1056 cronicis
440 992 537 1076 quod
568 1011 635 1054 rex
672 999 796 1056 noster
833 989 966 1055 devicit
1004 1010 1172 1067 cesarem,

185 1097 270 1162 licet
302 1098 346 1160 ad
379 1096 548 1159 morulam
581 1117 627 1158 ex
660 1116 744 1159 casu
776 1095 974 1178 proditorio
1006 1095 1075 1160 sibi
1106 1114 1174 1176 per

186 1204 329 1265 modum
360 1200 557 1284 tyrannidis
590 1210 646 1264 est
678 1200 869 1265 subiectus.
916 1199 1028 1263 Notet
1064 1198 1206 1308 igitur
1196 1209 1370 1257 &nonnanes

184 1308 289 1370 homo
313 1315 443 1369 cartam
465 1305 595 1369 cesaris
612 1305 657 1367 de
673 1304 863 1368 dotacione
881 1304 1033 1367 ecclesie
1048 1302 1171 1368 XCVI
1191 1264 1383 1415 iiissniniio'i'

186 1411 418 1475 distinccione
449 1409 691 1477 Constantinus
719 1429 797 1472 cum
830 1409 905 1472 aliis
938 1407 1101 1486 cronicis,
1136 1416 1173 1471 et
1270 1382 1308 1415 ’κ

145 1516 324 1580 10videbit
354 1517 452 1600 quod
483 1535 632 1598 regnum
664 1523 834 1592 nostrum,
868 1513 960 1577 sicut
995 1533 1068 1577 non
1091 1517 1171 1579 sub·

184 1621 326 1705 iugatur
348 1620 508 1704 imperio,
542 1619 593 1683 sic
617 1639 684 1682 nec
707 1619 873 1682 Romano
900 1617 1072 1702 pontifici,
1104 1616 1172 1681 nisi

185 1725 278 1791 sicut
302 1725 452 1808 quilibet
475 1723 684 1788 christianus
708 1724 819 1787 debet
842 1743 888 1785 ex
910 1725 993 1807 lege
1014 1722 1171 1787 caritatis

185 1829 290 1892 subdi
318 1829 428 1906 alteri,
463 1838 499 1893 et
527 1827 692 1892 conversi
720 1827 863 1891 fuerunt
886 1826 1020 1890 subditi
1047 1834 1170 1891 sancto

184 1934 303 1999 Petro.
341 1933 416 1999 Sed
447 1936 555 2017 longe
586 1934 656 1996 hoc
689 1953 708 1996 a
738 1933 849 1997 forma
880 1932 931 1996 sic
958 1929 1171 1996 vendicandi

144 2045 173 2096 15
185 2039 390 2105 subsidium.
405 2039 510 2103 Unde
526 2039 669 2101 videtur
684 2037 789 2100 michi
804 2037 902 2120 quod
917 2037 1171 2100 consulendum

185 2152 241 2206 est
272 2164 385 2228 regno
417 2143 549 2226 Anglie
582 2145 678 2227 quod
711 2162 756 2206 eo
785 2142 972 2224 accepcius
999 2142 1172 2205 subdatur

184 2268 261 2313 vero
294 2269 388 2332 pape
425 2249 529 2330 (sicut
568 2247 720 2334 contigit
757 2248 802 2311 de
840 2247 958 2310 multis
996 2246 1169 2311 Romanis

184 2354 378 2438 episcopis)
411 2374 483 2437 quo
515 2352 660 2417 liberius
692 2355 799 2417 modo
824 2373 896 2437 quo
932 2355 1040 2416 debet
1062 2353 1168 2416 homo

183 2479 392 2540 promerens
416 2459 501 2522 illud
523 2458 618 2535 facit,
642 2460 801 2522 cavendo
826 2478 968 2542 semper
984 2479 1029 2522 ne
1043 2456 1169 2541 aliquis

140 2583 172 2617 20
183 2563 349 2644 pontifex
366 2564 590 2626 vendicando
608 2562 799 2626 dominium
815 2562 1034 2626 blasfemet
1025 2582 1061 2625 m
1078 2582 1168 2639 eum,

184 2667 265 2750 quia
295 2667 401 2731 nichil
433 2667 546 2750 magis
580 2674 727 2729 enervat
758 2666 953 2748 imperium.
991 2664 1051 2732 Sic
1076 2665 1169 2730 enirn
1183 2678 1256 2725 natm
1272 2680 1334 2725 done
1348 2680 1379 2738 sy

183 2773 387 2836 translatum
411 2781 466 2835 est
486 2770 720 2835 Romanum
711 2771 896 2854 1mperium
919 2770 954 2833 in
973 2769 1169 2836 Germanos
1205 2733 1365 2884 issihigaipeiiia

184 2885 221 2940 et
243 2886 378 2940 tantum
401 2875 581 2959 aporiatur
604 2875 701 2958 quod
724 2875 786 2940 vix
810 2875 878 2938 sibi
900 2876 1065 2940 subditur
1088 2875 1169 2939 civi·
1205 2845 1243 2882 Η
1276 2850 1352 2895 '¹²⁹¹‘

180 2980 262 3043 liter
286 2981 359 3043 dux
374 2981 433 3043 vel
457 3000 586 3044 comes,
608 2979 656 3042 Et
677 2980 893 3064 generaliter
916 2980 967 3043 sic
991 2979 1169 3044 decrescit

140 3091 170 3141 25
183 3084 373 3149 dominium
406 3085 502 3168 quod
535 3092 590 3148 est
620 3084 793 3148 blasfemo
827 3083 978 3148 clericali
1012 3084 1167 3148 dominio

181 3189 415 3275 subiugatum.
432 3188 526 3256 Satis
544 3199 600 3253 est
615 3188 720 3271 igitur
730 3190 828 3273 quod
842 3207 991 3270 regnum
1007 3198 1167 3254 nostrum

181 3302 316 3357 tantum
344 3294 412 3358 sibi
441 3293 596 3372 obediat,
625 3302 793 3379 quantum
818 3294 950 3357 docere
973 3302 1097 3375 potest
1119 3314 1168 3357 ex

180 3398 363 3481 scriptura,
387 3398 422 3460 in
439 3418 507 3481 qua
530 3408 586 3462 est
602 3399 714 3463 omnis
731 3397 873 3475 veritas,
897 3399 994 3481 quod
1010 3401 1167 3481 populus

180 3501 328 3565 obedire
345 3502 470 3566 debuit
493 3517 614 3566 sancto
629 3503 750 3579 Petro,
775 3502 883 3567 docto
908 3522 954 3565 ex
978 3502 1166 3567 sanctitate

137 3614 170 3665 30
180 3607 253 3671 vite
278 3616 314 3671 et
330 3608 448 3690 operis
474 3609 571 3691 quod
596 3608 643 3671 sit
658 3627 764 3672 verus
780 3608 926 3671 Petri
894 3608 1057 3686 vicarius,
1081 3627 1165 3692 ymo
1220 3622 1303 3668 Limite
1316 3625 1344 3670 or

178 3711 299 3795 posito
328 3714 425 3796 quod
449 3712 496 3776 sit
526 3713 730 3790 blasfemus,
759 3713 872 3776 adhuc
896 3712 1037 3776 videtur
1061 3712 1166 3778 michi
1195 3675 1359 3787 ⁰iii¹i>¹iiiei⁰

180 3817 277 3898 quod
309 3818 465 3899 populus
499 3818 608 3880 debet
640 3816 788 3880 obedire
823 3816 892 3880 sibi
929 3816 1133 3900 dupliciter.
1159 3817 1163 3902 l

232 4085 264 4130 17.
280 4074 370 4120 Codu:
381 4074 429 4119 Sed
436 4075 544 4132 contigit.
556 4075 601 4120 llic
610 4075 676 4121 locut
686 4081 812 4130 corruptus
822 4086 874 4119 ene
883 4075 983 4120 videtur.
1038 4074 1077 4121 32.
1087 4074 1162 4121 Codd.

177 4145 201 4189 in
216 4156 306 4198 marn:
322 4144 424 4190 obedire
434 4157 505 4200 pape.

229 4286 254 4336 7.
267 4272 322 4322 Rex
335 4271 482 4324 Richardus
495 4282 588 4340 captus
600 4289 615 4323 ι
627 4275 695 4324 duce
704 4272 824 4324 nurnine
837 4281 863 4323 et
875 4273 997 4324 venditus
1010 4273 1164 4340 imperatori

180 4359 297 4409 Henrlco
315 4374 339 4410 v.
360 4359 424 4410 Flor
442 4362 508 4414 Hiar.
527 4360 545 4423 l,
567 4373 624 4429 107,
645 4372 695 4421 114
712 4376 727 4412 e
745 4358 836 4412 Munh.
853 4359 927 4410 Paris
946 4360 974 4423 ll,
994 4361 1054 4428 394.

1011 4444 1058 4499 15·
