3008 5026
142 426 209 471 err.
229 405 294 493 vn]
442 429 488 479 us
506 427 719 479 roresrnrs
738 428 836 479 ems.
1287 429 1346 490 ι59

140 586 229 650 Nam
244 587 307 650 ubi
322 588 450 650 beatus
467 584 664 666 Gregorius
683 606 729 648 ex
753 585 870 649 animo
892 584 961 649 iter
982 586 1132 670 arripuit
1155 599 1331 697 smitam

139 693 185 757 ad
212 690 389 778 Anglicos
421 692 711 768 convertendum,
742 711 838 775 papa
868 693 1062 758 modernus
1091 701 1132 757 ut
1149 708 1217 763 given
1231 708 1338 766 vsyue

139 800 257 882 legem
285 797 354 862 sibi
384 796 510 860 limitat
541 796 638 880 quod
665 816 736 860 non
764 797 928 880 predicet
953 816 999 860 ne
1029 798 1133 861 cadat
1163 759 1324 870 Iii‘piii'iii

140 903 176 966 in
206 903 370 983 heresim,
407 911 560 985 propter
589 923 694 985 quam
728 911 784 967 est
817 903 1040 967 solummodo
1073 905 1132 967 de·

116 1007 339 1090 Sponendus,
357 1015 397 1071 ut
410 1006 553 1071 videtur
568 1007 693 1070 exXL
710 1007 960 1072 distinccione:
976 1006 1017 1071 Si
1028 1027 1134 1090 papo

143 1111 216 1177 Sed
240 1112 448 1177 scandalosa
470 1120 554 1175 sunt
575 1111 653 1191 ista,
676 1112 790 1194 primo
814 1110 897 1194 quia
917 1131 1012 1195 papa
1026 1111 1136 1177 sciret

142 1236 271 1281 cavere
295 1216 364 1281 sibi
386 1218 432 1279 de
454 1216 574 1281 heresi
605 1225 793 1299 antequam
816 1216 999 1300 acciperet
1016 1217 1135 1283 huius·

141 1323 238 1386 modi
262 1321 483 1407 dignitatern,
507 1323 666 1386 secundo
690 1321 772 1405 quia
794 1341 898 1404 papa,
922 1322 983 1405 qui
1006 1322 1135 1386 dicitur

140 1429 273 1490 habere
296 1435 427 1490 tantam
452 1426 644 1509 potestatis
670 1426 938 1510 plenitudinem,
966 1427 1136 1491 diffiniret

102 1558 131 1592 ιο
141 1532 238 1615 quod
254 1551 326 1596 non
340 1531 435 1595 foret
449 1531 586 1596 heresis
601 1531 772 1614 quicquid
784 1529 925 1610 dixerit,
935 1532 994 1594 vel
1009 1533 1134 1595 saltem

141 1643 411 1718 protestaretur,
444 1635 541 1718 quod
572 1655 645 1698 non
675 1637 786 1700 habet
815 1633 968 1698 animum
999 1656 1021 1698 a
1051 1635 1135 1718 lege

140 1739 285 1803 Domini
317 1740 524 1805 declinandi
569 1739 698 1803 Tercio
728 1739 867 1804 heresis
899 1739 1136 1822 periculosior

142 1853 197 1909 est
222 1845 258 1908 in
281 1845 355 1908 vite
379 1844 565 1922 discordia,
593 1865 677 1927 ymo
701 1844 882 1926 peridem
910 1845 1027 1909 nullus
1051 1864 1135 1927 pre·

141 1949 282 2031 positus
304 1949 515 2032 predicaret,
538 1969 617 2012 cum
642 1969 708 2031 pro
731 1949 851 2013 heresi
872 1956 910 2012 et
931 1949 1137 2031 specialiter

101 2054 227 2117 15reali
249 2053 296 2118 sit
319 2053 448 2136 dignus
471 2053 616 2135 deponi,
644 2061 681 2116 et
704 2074 799 2135 papa
821 2062 972 2136 propter
995 2072 1134 2118 causam

142 2159 370 2241 multiplicem
387 2158 496 2222 cicius
513 2158 704 2241 aufugeret
719 2158 806 2221 illud
822 2158 1028 2241 periculum.
1048 2158 1136 2222 Ideo

142 2283 213 2326 non
246 2273 301 2327 est
331 2263 398 2326 nisi
426 2264 691 2328 antichristiana
718 2272 755 2326 et
782 2264 1003 2328 accusatoria
1030 2283 1135 2327 excu-

143 2368 239 2432 sacio
266 2369 302 2431 in
330 2369 497 2450 peccatis.
535 2368 771 2432 Accusatoria
793 2369 885 2443 dico,
913 2368 996 2451 quia
1023 2380 1062 2431 ut
1085 2369 1136 2432 sic

142 2482 307 2555 patenter
321 2474 462 2552 iudicat,
483 2474 581 2556 quod
597 2473 643 2536 sit
657 2473 793 2536 alienus
809 2494 831 2536 a
845 2473 979 2537 vicario
996 2473 1136 2554 Christi,

99 2604 132 2639 20
144 2587 180 2642 et
204 2579 240 2641 in
268 2578 344 2642 aliis
372 2578 501 2642 dicitur
538 2578 736 2642 comuniter
763 2579 861 2660 quod
889 2598 1041 2660 peccare
1064 2598 1136 2641 non

141 2683 284 2765 poterit.
303 2683 351 2746 Et
366 2684 418 2747 sic
434 2692 575 2747 notaret
591 2682 691 2746 Petri
706 2682 859 2746 vicarius
877 2683 964 2746 illud
980 2683 1134 2764 septimo
1158 2710 1219 2754 now
1234 2709 1336 2754 cmv,

141 2788 358 2870 replicatum,
372 2789 553 2870 quomodo
564 2788 687 2851 Matth.
697 2787 827 2851 XVIII
843 2795 995 2871 propter
1010 2788 1134 2870 prima·
1165 2763 1326 2860 victzrppgptr

141 2900 214 2955 tum
238 2891 305 2955 fuit
327 2891 458 2956 dictum
483 2891 710 2974 singulariter
729 2890 847 2969 Petro,
871 2891 969 2975 quod
991 2892 1135 2955 fratrem
1198 2870 1286 2913 ouen.

141 3017 242 3060 suum
266 2996 474 3078 corriperet,
497 2996 558 3059 ubi
581 3005 664 3059 sunt
684 2996 750 3059 tria
764 2996 864 3060 Petri
879 2996 1012 3060 vicario
1030 3016 1134 3060 anno-

99 3102 256 3183 25tanda,
281 3101 395 3185 primo
420 3121 499 3164 cum
524 3102 635 3165 debet
657 3101 801 3164 fratrem
825 3123 926 3165 suum
944 3101 1136 3184 corripere,
1168 3145 1185 3177 ,‚
1201 3132 1235 3176 fl,
1251 3131 1335 3175 ,imum

50 3214 112 3267 200⁴
142 3205 252 3268 debet
278 3206 391 3287 primo
412 3205 417 3290 Ι
437 3206 591 3269 omnium
617 3205 967 3288 irreprehensibilem
995 3225 1035 3268 se
1062 3226 1134 3269 ser·
1168 3184 1333 3280 lepepppu

140 3330 235 3386 vare,
259 3330 337 3373 nam
363 3310 490 3373 caritas
514 3311 625 3374 debet
649 3310 811 3392 incipere
837 3331 859 3372 a
882 3330 921 3374 se
946 3309 1034 3393 ipsa.
1074 3309 1135 3375 Se·
1173 3354 1195 3386 2,
1210 3290 1252 3385 {1⁸0⁰
1255 3290 1323 3384 ¹120„

142 3416 258 3478 cundo
287 3415 481 3478 notandum
515 3423 570 3479 est
598 3415 694 3497 quod
716 3414 817 3478 Petri
845 3414 998 3478 vicarius
1027 3416 1136 3481 debet
1206 3400 1297 3503 ξῆξζῖξῖ

141 3539 221 3583 esse
251 3519 288 3582 in
319 3520 427 3582 modo
460 3519 677 3602 corripiendi
709 3518 876 3601 prudens,
908 3518 1070 3583 assiduus
1100 3527 1137 3583 et

97 3639 129 3689 30
139 3624 308 3703 intentus,
332 3625 429 3706 quod
452 3643 524 3686 non
549 3623 801 3687 excomunieet
828 3631 909 3686 ante
932 3624 1037 3687 finem
1062 3644 1136 3686 cor·

140 3729 320 3812 repcionis
347 3728 458 3791 tercie
485 3728 522 3791 in
545 3749 617 3811 quo
634 3728 764 3792 viderit
786 3728 929 3792 fratrem
947 3749 1048 3793 suum
1064 3748 1137 3791 non
1173 3760 1195 3806 3,
1210 3761 1245 3805 fl,
1261 3770 1323 3805 mu„

142 3853 223 3899 esse
250 3833 375 3916 apcius
404 3833 664 3916 corrigendum.
702 3832 832 3896 Tercio
861 3833 974 3897 debet
1001 3842 1136 3914 notare,
1153 3814 1355 3910 fiss‘lfinssbfisssslffi

142 3936 239 4020 quod
263 3937 310 4002 sit
332 3936 454 4002 socius
478 3945 514 4001 et
536 3936 696 4001 minister
720 3937 890 4009 ecclesie3
919 3937 1020 4001 aliter
1044 3936 1137 4000 enim
1155 3919 1234 3963 ⁰¹¹¹st
1251 3918 1355 3963 Cim·

196 4179 215 4222 5.
237 4179 277 4222 ΑΒ
297 4180 320 4222 in
341 4190 428 4234 mrrpe
449 4178 516 4234 Papa
535 4189 610 4235 quare
624 4189 670 4222 non
682 4177 798 4233 predicat.
854 4190 889 4223 21.
903 4178 945 4223 ΑΒ
959 4179 982 4222 in
998 4189 1085 4233 mira-r
1104 4177 1138 4222 Vl·

141 4249 220 4293 carr'ur
234 4248 300 4292 Petri
312 4248 378 4292 debet
392 4253 478 4292 notare
490 4249 554 4293 dicta
568 4248 648 4294 Petro.
702 4260 740 4302 ²4·
756 4248 810 4301 ubr',·
823 4247 853 4292 B:
870 4251 902 4294 ut.

197 4374 219 4427 5.
240 4375 304 4441 Cup.
317 4375 360 4428 Vl.
