3008 5026
724 413 896 465 tonsurus
915 413 1054 464 wrcrrr
1256 393 1337 482 [cur.
1351 410 1391 454 rx.

400 573 670 652 dispensationis
702 573 871 635 dominice
908 571 1047 634 veritate
1082 571 1281 653 presbiteris
1318 591 1392 634 esse

400 676 552 739 maiores
579 683 608 739 et
636 678 672 739 iu
700 677 875 739 communi
906 677 1023 739 debere
1055 676 1231 739 ecclesiam
1261 687 1390 756 regere.

182 794 258 838 'mese
272 795 384 838 electioris
443 779 570 842 Tercio
594 779 837 862 principaliter
860 780 1019 862 arguitur
1042 780 1087 842 ad
1108 779 1200 842 idem
1223 799 1289 863 per
1308 781 1389 856 hoc,

220 855 354 955 ρι’ἷῖιῖἶιῗῗιῐς,
400 885 497 965 quod
512 884 723 966 precipuum
740 884 896 947 officium
912 882 1063 966 pastoris
1079 883 1307 965 suspenditur
1322 904 1390 966 per

209 951 367 1081 iiieii'sfirir
400 987 601 1052 elecciones
624 990 796 1068 novellas,
820 989 884 1051 sed
908 1008 1084 1070 suspenso
1106 987 1167 1051 tali
1182 987 1301 1051 officio
1314 993 1413 1051 noni

257 1057 322 1112 Μ’
400 1103 456 1154 est
478 1101 602 1174 pastor
625 1091 692 1155 nisi
716 1092 903 1173 equivoce‚
930 1092 1039 1173 igitur
1062 1091 1269 1174 expedicius
1294 1091 1389 1154 foret

399 1196 549 1259 ecclesie
588 1198 687 1278 quod
723 1216 794 1258 non
833 1197 928 1260 foret
966 1199 1008 1258 ad
1041 1197 1146 1259 talem
1179 1195 1387 1277 dignitatem

397 1302 548 1363 humana
570 1301 715 1367 eleccio.

442 1407 678 1488 Assumptum
702 1415 802 1489 patet
826 1408 870 1469 de
893 1415 997 1489 pastu
1020 1407 1146 1489 populi
1170 1409 1281 1470 verbo
1307 1407 1387 1482 Dei,

398 1510 442 1572 ad
465 1529 569 1591 quam
590 1510 833 1593 ydoneitatem
849 1530 920 1573 non
937 1511 1138 1584 attenditur,
1163 1512 1226 1574 sed
1242 1511 1386 1573 omnino
1401 1529 1430 1561 ¹0

397 1615 629 1696 postponitur
656 1616 691 1677 in
720 1615 901 1678 eleccione
928 1615 1136 1678 huiusmodi.
1174 1615 1221 1677 Et
1245 1625 1387 1678 constat

398 1720 495 1799 quod
523 1738 590 1800 per
612 1738 651 1781 se
675 1723 722 1782 ab
746 1719 806 1782 illo
830 1729 935 1801 pastu
957 1729 1078 1800 pastor
1105 1718 1256 1782 ecclesie
1280 1719 1387 1781 trahit

397 1841 537 1897 nomen,
569 1842 640 1885 non
673 1833 790 1885 autern
819 1833 966 1905 apastu
989 1824 1177 1905 corporali,
1210 1843 1288 1887 cum
1316 1825 1385 1886 hoc

397 1927 443 1990 sit
475 1926 629 1989 officium
662 1928 810 2008 laycale.
844 1938 882 1990 ut
909 1928 1057 2009 pulchre
1086 1929 1241 1991 declarat
1263 1929 1385 2010 Augu-

397 2031 510 2094 stinus
533 2031 568 2094 in
591 2030 647 2093 De
664 2031 795 2094 Verbis
808 2032 951 2095 Domini
975 2031 1146 2096 Sermone
1163 2031 1299 2113 XLIX,
1323 2052 1385 2094 ex·
1401 2039 1428 2087 [ὃ

396 2154 536 2217 ponens
560 2144 698 2198 textum
716 2136 793 2215 Joh.
810 2136 847 2198 X
872 2138 916 2199 de
939 2146 1083 2219 pastore
1106 2136 1323 2199 mercenario
1348 2147 1386 2199 et

396 2241 490 2319 lupo.
528 2239 776 2318 Merceuarius,
812 2240 936 2322 inquit,
965 2243 1082 2305 videus
1113 2243 1261 2321 aliquem
1292 2242 1386 2320 loqui

391 2349 533 2425 peccata
571 2350 631 2406 aut
666 2346 791 2407 sentire
826 2347 1013 2409 secuudum
1042 2347 1232 2426 perniciem
1268 2347 1386 2407 anime

395 2467 455 2511 sue
486 2449 536 2511 vel
567 2450 700 2528 aliquid
724 2448 846 2527 facere
867 2451 1081 2524 sceleratmu,
1109 2456 1139 2513 et
1161 2456 1274 2512 tamen
1301 2451 1384 2530 quia

394 2554 529 2616 uideiur
543 2554 664 2617 habere
680 2555 829 2617 alicuius
844 2556 1010 2617 momenti
1023 2573 1212 2636 personum
1229 2557 1263 2616 iu
1281 2556 1384 2616 eccle·
1397 2575 1429 2608 πυ

394 2658 458 2733 sia,
487 2659 576 2720 unde
597 2660 629 2720 si
651 2665 766 2741 sperat
792 2660 1022 2731 commodum,
1049 2661 1252 2723 obmutescit.
1283 2659 1384 2734 Videt,

395 2761 517 2843 inquit.
539 2763 711 2824 hominem
723 2763 842 2842 perire
858 2762 893 2822 iu
906 2768 1054 2842 peccato,
1071 2764 1158 2824 uidet
1176 2763 1274 2824 illum
1290 2764 1385 2841 sequi

394 2868 525 2947 lupum,
549 2867 585 2928 id
607 2870 655 2928 est
677 2864 871 2946 dyabolum,
894 2867 982 2929 videt
1009 2867 1103 2928 illius
1122 2871 1242 2945 guttur
1265 2884 1383 2928 morsu

394 2971 486 3033 trahi
506 2972 554 3032 ud
573 2971 792 3050 supplicium,
812 2975 841 3031 et
856 2975 970 3032 tameu
988 2989 1054 3033 nou
1070 2971 1123 3032 illi
1139 2972 1237 3032 dicit:
1255 2971 1384 3042 Peccas,

395 3093 454 3136 uec
477 3076 576 3136 illum
600 3075 769 3154 obiurgat,
794 3092 835 3137 ne
845 3076 972 3153 perdat
995 3076 1176 3137 commoda
1199 3092 1281 3147 sua;
1301 3074 1426 3136 inlisas

394 3179 587 3241 mentaliter
619 3181 706 3241 videt
736 3181 857 3260 lupum
890 3181 1075 3242 venientem
1108 3184 1137 3241 et
1160 3177 1267 3259 sugit.
1309 3175 1385 3240 Sed

394 3284 510 3344 bonus
534 3291 658 3363 pastor
680 3302 795 3364 usque
819 3283 863 3344 ad
887 3292 1034 3346 mortem
1058 3282 1143 3345 facit
1162 3280 1384 3346 contrarium.

394 3384 435 3448 In
459 3406 530 3468 quo
555 3387 750 3449 secundum
768 3387 1008 3468 Augustinum
1029 3386 1033 3471 l
1055 3398 1110 3449 est
1132 3387 1269 3469 integra
1287 3386 1384 3448 racio
1415 3397 1474 3442 ιιι·

394 3489 582 3572 pastoralis
599 3488 717 3555 officii.
742 3490 897 3566 Securos,
919 3491 1043 3572 inquit,
1059 3490 1213 3570 nossecit
1230 3487 1384 3571 Spiritus

395 3593 541 3658 Smrctus
560 3614 625 3677 per
635 3594 837 3658 Ezechielem
855 3594 1040 3669 XXXIII,
1065 3616 1092 3675 7,
1117 3594 1197 3676 quia
1219 3593 1383 3656 limitavit
1395 3602 1428 3652 30

394 3698 498 3760 nobis
521 3699 757 3781 speculatoris
781 3699 948 3762 officium.

187 3814 255 3868 rapu
271 3815 369 3875 dectior
436 3802 482 3866 Et
505 3805 671 3866 mundum
689 3803 723 3866 in
740 3813 869 3866 testem
885 3803 1025 3872 invoco,
1049 3804 1146 3885 quod
1161 3802 1229 3865 ista
1244 3803 1383 3885 papalis

218 3867 344 3974 'lxliii-⁸⁸.
394 3906 531 3969 eleccio
560 3916 598 3970 et
624 3926 689 3970 sua
715 3907 970 3970 beneficiorum
999 3906 1209 3970 distribucio
1233 3906 1383 3969 seminat

447 4105 467 4137 2.
490 4093 578 4138 codd:
601 4100 624 4137 et
643 4095 715 4137 deest.
796 4098 816 4136 n,
834 4094 924 4139 Codd.:
939 4096 1071 4137 humanam.
1146 4106 1168 4149 p.
1184 4094 1224 4137 ΑΒ
1246 4093 1269 4136 in
1292 4105 1381 4148 marga

393 4163 476 4206 Pastor
496 4163 611 4206 dicituro
630 4169 707 4218 pastu.
778 4177 810 4219 ¹7·
826 4166 866 4209 AB
881 4166 904 4208 in
925 4176 1010 4219 marg:
1026 4163 1192 4207 mercenarius.
1249 4162 1284 4207 26.
1302 4163 1342 4206 ΑΒ
1358 4164 1381 4205 in

393 4242 480 4287 uturp:
495 4231 666 4286 Beneficiorum
680 4235 818 4277 «territatio
831 4234 934 4290 papatis.
989 4233 1027 4278 30.
1043 4231 1131 4276 Coddu
1147 4232 1245 4276 XXl'il'.

449 4355 486 4403 ¹4·
507 4340 576 4406 Opp.
596 4349 661 4390 tom.
675 4342 706 4409 V,
726 4340 777 4409 660
796 4343 890 4407 (Serm.
911 4340 1073 4404 CXXXVll).
