3008 5026
648 401 817 452 sommus
836 402 977 452 wrcur
1186 383 1270 473 [cm.
1283 398 1314 442 v.

324 558 454 621 dictum
506 558 616 621 Petro
661 568 838 642 tamquam
888 560 1046 644 generali
1090 561 1316 643 procuratori

325 665 476 727 ecclesie
508 665 733 728 sacerdotum
767 673 804 727 et
834 684 906 728 non
939 674 1115 749 tamquam
1144 666 1316 750 singulari

324 769 512 847 recipienti
549 789 615 851 pro
654 788 694 832 se
729 770 842 832 solum
873 770 939 833 hoc
972 771 1207 854 privilegium.
1248 773 1316 836 sed

323 874 507 938 limitatum
532 881 568 935 et
592 873 779 937 diffinitum
795 874 897 937 suita
913 873 1054 938 Christo
1077 885 1201 957 preter
1223 877 1314 941 ordi·

324 980 506 1042 nacionem
552 979 735 1041 humanam
781 979 962 1061 quomodo
1001 983 1207 1045 sacerdotes
1246 983 1341 1045 sibi⁵

323 1084 459 1147 habiles
497 1083 688 1167 privilegio
726 1084 785 1147 isti
816 1084 1041 1168 participent.
1080 1087 1127 1150 Et
1157 1088 1226 1151 ista
1259 1098 1315 1149 est

326 1188 508 1253 sentencia
540 1189 733 1273 Augustini
757 1208 866 1271 super
892 1188 939 1267 X,
973 1190 1108 1253 Omelia
1137 1192 1315 1255 CXXIV:

325 1296 457 1375 Petrus,
490 1294 613 1376 inquit.
647 1297 820 1376 apostolus
847 1300 992 1375 propter
1022 1299 1233 1378 apostolatus
1259 1298 1317 1360 sui

324 1403 518 1482 primatum
543 1402 681 1481 gerebat
695 1402 857 1481 figurata
883 1403 1109 1481 generalitate
1127 1421 1316 1482 personam

326 1506 474 1578 ecclesie;
507 1505 601 1586 quod
634 1504 726 1568 enim
758 1506 802 1568 ad
832 1505 948 1587 ipsum
979 1505 1125 1589 proprie
1148 1505 1316 1588 pertinet,
1332 1529 1362 1562 ιο

326 1619 450 1672 natura
465 1629 556 1672 unus
571 1611 678 1672 homo
700 1619 775 1673 erat
798 1610 918 1692 gracia
941 1610 1160 1692 christianus,
1182 1612 1317 1674 habun-

327 1714 484 1777 danciori
506 1714 625 1794 gracia
652 1735 743 1778 unus
766 1715 932 1798 idemque
961 1716 1095 1798 primus
1120 1716 1317 1798 apostolus.

326 1818 399 1883 Sed
423 1820 568 1901 quando
593 1819 625 1882 ei
650 1819 779 1883 dictum
805 1829 874 1883 est:
902 1820 973 1883 Tibi
988 1821 1076 1884 dabo
1091 1823 1201 1884 clavas
1217 1823 1317 1902 regni

325 1926 488 2000 celorum,
519 1931 549 1987 et
580 1927 812 2006 quodcumque
843 1927 1007 2007 ligaveris
1037 1945 1142 2006 super
1172 1930 1317 2006 terram,

326 2031 388 2091 erit
418 2029 565 2109 ligatum
598 2035 628 2091 et
660 2031 696 2091 in
730 2031 819 2108 celis,
852 2035 882 2092 rt
912 2032 1144 2111 quodcumque
1174 2031 1361 2092 solverisrs

325 2152 428 2215 saper
450 2138 593 2215 terram,
621 2135 685 2197 erit
711 2136 861 2197 solutum
886 2140 915 2197 et
938 2135 974 2196 in
997 2136 1086 2214 celis,
1116 2133 1316 2197 universam

327 2236 443 2322 signat
482 2238 678 2316 ecclesiam,
718 2258 786 2320 que
824 2238 860 2300 in
897 2239 963 2301 hoc
1003 2239 1124 2300 seculo
1164 2237 1317 2301 diversis

329 2342 628 2424 temptacionibus
666 2351 705 2406 ut
743 2343 929 2424 ymbribus
968 2352 1004 2406 et
1041 2343 1318 2424 tempestatibus

328 2447 491 2529 quatitur,
525 2455 561 2509 et
583 2466 654 2509 non
679 2447 779 2525 cadit,
801 2449 804 2529 l
826 2447 992 2530 quoniam
1020 2448 1185 2509 fundatur
1208 2468 1320 2530 super
1352 2452 1404 2506 185¹

327 2561 477 2634 petram:
496 2552 589 2615 unde
605 2551 735 2615 Petrus
751 2573 880 2614 nomen
895 2552 1046 2635 accepit,
1064 2573 1134 2634 que
1151 2552 1319 2615 fundatur
1332 2575 1363 2610 πο

327 2656 360 2718 in
386 2655 536 2720 Christo.
562 2656 750 2719 Horrenda
771 2657 891 2739 itaque
916 2666 952 2720 et
973 2656 1125 2719 infidelis
1148 2656 1318 2720 seduccio

328 2761 536 2842 simplicium
553 2762 735 2844 laycorum
752 2761 846 2824 foret
869 2782 909 2824 ex
933 2762 1003 2825 isto
1020 2771 1122 2825 textu
1140 2762 1319 2843 evangelii

329 2865 538 2949 episcopum
567 2865 858 2929 irracionabiliter
885 2886 1069 2929 reservare
1099 2865 1167 2928 sibi
1190 2874 1318 2948 poten·

329 2969 414 3032 ciam
440 2972 484 3032 ad
507 2970 684 3053 ligandum
710 2980 746 3033 et
769 2990 894 3033 cecare
919 2972 1090 3052 populum
1121 2990 1198 3033 cum
1223 2972 1318 3033 laxa·

329 3075 430 3136 cione
454 3074 643 3156 potestatis
659 3074 805 3157 proprie
822 3084 859 3138 et
874 3074 1109 3156 suspensione
1125 3075 1318 3156 potestatis
1331 3085 1363 3134 25

329 3180 481 3258 alterius,
505 3186 544 3241 ut
560 3189 659 3261 patet
682 3178 717 3241 in
742 3179 887 3242 materia
904 3179 949 3241 de
973 3187 1195 3241 sacramento
1218 3179 1318 3261 peni·

328 3282 455 3347 tencie.

111 3380 318 3487 agss'tffffihggiv
372 3385 446 3450 Sed
479 3387 590 3449 tercio
623 3387 725 3449 nimis
757 3388 884 3450 leviter
907 3389 1192 3470 sollempnisatur
1219 3390 1319 3470 quod

111 3497 138 3527 ⁰¹
152 3480 312 3580 ”lfissfe‘sfw'l
329 3492 459 3553 Paulus
484 3493 623 3573 accepit
646 3492 868 3554 autoritatem
894 3502 931 3556 et
954 3492 1136 3555 licenciam
1161 3514 1182 3554 a
1205 3493 1317 3556 Petro

331 3596 373 3657 ad
397 3596 648 3677 predicandum
671 3597 707 3658 in
731 3596 900 3678 gentibus
925 3617 971 3659 ex
995 3606 1098 3660 textu
1120 3597 1194 3660 Gal.
1213 3597 1257 3678 11,
1282 3608 1363 3678 9:30

331 3700 418 3765 Cum
450 3703 689 3780 cognovissent,
722 3701 846 3782 inquit,
875 3704 1038 3783 graciam
1070 3721 1133 3783 que
1159 3703 1244 3764 data
1271 3709 1319 3766 est

380 4009 402 4044 4.
424 3993 452 4035 B:
472 3992 600 4048 diffinitum
612 3992 692 4050 suerit
712 3997 780 4038 modo
797 4000 885 4050 preter.
946 4007 967 4049 7.
983 3995 1072 4038 codd:
1093 4006 1163 4049 super
1182 4005 1207 4037 ro
1226 3996 1317 4038 omelie.

330 4074 363 4105 ra.
381 4062 408 4104 lt:
424 4064 544 4116 apostolus
558 4064 631 4108 deest,
687 4077 719 4114 ro.
737 4064 765 4107 B:
782 4064 962 4120 qur'sundatur.
1018 4077 1054 4116 ²1·
1071 4065 1100 4108 B:
1118 4065 1229 4119 populum
1244 4066 1317 4110 deest.

330 4129 366 4174 28.
382 4132 402 4174 Α
417 4131 440 4173 in
456 4142 534 4185 mara:
551 4145 576 4186 3.

379 4268 403 4318 7.
424 4258 560 4320 Augustini
582 4257 673 4310 Enarr.
693 4259 717 4306 in
738 4258 835 4309 Psalm.
856 4258 944 4317 CVlll,
963 4269 1028 4307 rom.
1048 4257 1089 4322 lv,
1116 4260 1187 4320 2:15,
1205 4271 1271 4312 tom.
1286 4262 1316 4321 V,

328 4358 386 4406 702.
407 4346 465 4406 706.
538 4359 577 4396 ao.
599 4345 638 4397 Cf.
658 4347 745 4395 llussii
767 4348 837 4410 Opp.
859 4351 928 4397 210⁸.
