3008 5026
197 366 264 413 cnr.
279 352 321 442 n]
493 373 537 424 uu
557 372 768 424 eoresmrn
787 375 885 426 naen.
1337 379 1397 440 ²45

196 531 381 596 adulterati
404 542 486 596 sunt
509 531 719 596 abscondite
741 532 776 595 in
802 531 1007 596 adulacione
1024 533 1100 597 voti
1121 543 1181 598 aut
1191 545 1268 643 osTtpg
1283 547 1374 644 gelide-fl
1376 612 1396 642 w

103 633 168 686 ²²²³
196 637 397 715 elemosine,
413 645 452 701 ut
467 646 568 721 patet
583 638 705 702 Matth.
721 636 813 716 XV;
836 648 873 702 et
888 638 971 703 ideo
986 658 1026 702 re
1038 636 1042 724 l
1053 639 1181 703 mansit
1206 653 1355 749 coIr‘I‘r'iii

194 762 307 823 penes
324 762 386 806 eos
401 743 542 826 palliata
555 743 663 806 clavis
679 742 847 818 sciencie;
865 745 958 807 unde
972 752 1009 807 et
1020 743 1179 808 Christus
1263 717 1327 801 oin.
1356 717 1371 750 ⁰

193 847 271 925 Joh.
287 847 331 923 V,
349 869 389 928 39
414 848 501 911 dicit
517 868 580 911 eos
605 856 729 930 putare
754 851 859 912 vitam
884 855 1036 913 eternam
1058 851 1180 913 labere

169 953 228 1014 §in
256 954 448 1034 scripturis.
487 953 533 1016 Et
560 953 683 1018 Matth.
711 953 855 1030 XXIII,
880 971 913 1030 3:
943 952 1071 1018 Omnia
1097 973 1177 1034 quc-

192 1075 333 1137 cumque
364 1059 511 1121 dixerint
542 1060 641 1134 vohis,
666 1058 786 1139 facite,
820 1059 916 1141 quod
947 1077 1019 1120 non
1043 1058 1181 1122 diceret

192 1160 297 1223 hodie
330 1164 375 1224 de
407 1162 538 1226 nostris
572 1162 753 1246 episcopis
777 1172 927 1245 propter
949 1162 1178 1245 ingratiorem

193 1264 372 1328 defectum
396 1267 590 1343 sentencie,
613 1267 694 1330 ideo
721 1265 864 1330 videtur
887 1268 984 1349 quod
1001 1276 1082 1330 sunt
1098 1268 1177 1349 plus

192 1369 342 1434 debriati
367 1369 517 1433 avaricia
541 1379 577 1434 et
599 1371 851 1456 ingratitudine
873 1370 1090 1456 ignorancie,
1125 1391 1177 1434 sa·

153 1472 331 1556 repiencie
354 1475 467 1557 prime
491 1476 669 1559 opposite,
698 1496 803 1558 quam
826 1475 1072 1560 irreligiositas
1096 1472 1176 1539 Sca·

190 1577 323 1642 riothis.
360 1579 489 1643 Melius
516 1580 639 1663 utique
668 1580 762 1645 foret
790 1583 901 1644 semel
924 1581 969 1643 ad
991 1579 1176 1643 sanitatem

190 1683 384 1765 perfectam
408 1686 615 1766 perturbare
649 1685 838 1748 ecclesiam
867 1704 971 1767 quam
999 1684 1097 1767 quod
1118 1703 1176 1747 re·

190 1797 328 1851 maneat
364 1789 532 1852 continue
573 1790 821 1871 periculosius
865 1789 1096 1872 irreligiosius
1140 1796 1177 1852 et

190 1892 299 1956 lacius
322 1896 540 1976 perturbata.

149 2004 178 2056 15
232 1997 392 2062 Ulterius
407 2000 601 2062 notandum
618 2009 674 2062 est
689 1999 810 2077 tercio,
834 2002 930 2083 quod
950 2018 1102 2063 necesse
1119 2007 1175 2061 est
1188 2005 1266 2051 There
1280 2014 1343 2052 mun
1359 2010 1387 2054 be

188 2122 357 2185 paparum
376 2113 411 2168 et
427 2104 679 2187 episcoporum
695 2105 853 2168 ordinem
876 2125 954 2168 esse
970 2105 1005 2167 in
1023 2103 1174 2167 ecclesia
1211 2061 1374 2168 ῦρίῗῖἷῖιῗηξυι

189 2206 366 2271 militante.
391 2207 464 2273 Sed
481 2209 658 2290 duplicem
677 2209 836 2271 ordinem
859 2207 978 2272 talium
1001 2207 1172 2271 ministro·
1196 2164 1371 2313 ‘iffiuffiffi

186 2330 263 2372 rum
302 2313 497 2388 considera,
536 2312 673 2375 scilicet
711 2332 892 2376 eesareum
934 2321 972 2375 et
1009 2312 1173 2376 divinum.

188 2413 356 2496 Quamvis
380 2427 496 2481 autem
520 2426 686 2500 oporteat
709 2438 755 2480 ex
779 2417 913 2481 malicia
936 2418 1096 2482 ordinem
1118 2437 1172 2481 ce·

145 2537 323 2583 2osareum
341 2542 445 2603 quem
462 2522 624 2587 Christus
640 2525 818 2605 approbat
841 2525 1035 2587 secundum
1058 2531 1173 2586 totum

187 2626 319 2688 bonum
351 2625 491 2690 virtutis
523 2627 558 2689 in
593 2646 635 2689 eo
669 2629 801 2690 bonum
833 2628 918 2692 utile
947 2630 1004 2691 vel
1037 2636 1172 2704 nature,

186 2749 334 2792 necesse
357 2740 475 2795 tamen
500 2740 555 2795 est
578 2732 613 2795 in
637 2752 679 2794 eo
701 2751 780 2795 esse
802 2734 928 2795 malum
945 2735 1051 2816 culpe
1075 2730 1172 2815 quod

185 2833 286 2897 Deus
308 2838 489 2919 reprobat,
514 2846 551 2900 et
573 2837 624 2899 sic
648 2837 708 2899 dat
723 2836 823 2899 Deus
846 2837 1007 2920 tyrannis
1029 2845 1065 2900 et
1080 2838 1170 2900 blas·

185 2936 286 3001 semis
319 2941 413 3002 bona
446 2959 516 3022 que
549 2948 727 3023 occupant
753 2941 829 3003 sine
855 2961 975 3005 eorum
999 2961 1086 3003 vero
1110 2942 1170 3005 do·

142 3041 301 3108 asminio.
340 3044 458 3107 Allum
491 3055 607 3108 autem
640 3045 799 3108 ordinem
838 3045 993 3109 divinum
1027 3053 1171 3128 oportet

185 3165 265 3209 esse
297 3147 436 3230 Integre
474 3151 668 3213 secundum
705 3149 967 3213 ordInacionem
1007 3149 1169 3227 divinam,

184 3271 262 3313 cum
290 3272 360 3315 non
389 3274 455 3335 per
478 3275 516 3316 se
541 3254 633 3337 sapit
655 3265 842 3337 peccatum
865 3264 905 3318 ut
930 3255 1037 3338 prior.
1084 3254 1169 3337 Ipse

183 3365 297 3420 autem
323 3377 368 3420 ex
388 3358 615 3422 institucione
638 3360 787 3422 humana
811 3360 905 3443 capit
924 3361 1056 3440 gradus
1073 3379 1169 3437 suos,

182 3463 376 3523 secundum
400 3463 498 3544 quod
514 3462 692 3526 variantur
713 3463 886 3547 gradatim
903 3463 1023 3527 mundi
1040 3464 1168 3528 divicie

139 3581 171 3629 1⁴0
181 3567 239 3628 vel
261 3566 424 3630 honores.
453 3567 554 3630 Alius
579 3576 693 3631 autem
718 3568 806 3632 ordo
828 3569 894 3630 hec
918 3588 1093 3652 respuens
1116 3589 1167 3632 re·

181 3669 288 3752 spicit
318 3690 407 3751 pure
441 3680 476 3733 et
508 3675 637 3734 mundo
670 3671 878 3736 abscondite
908 3672 1168 3737 ordinacionem

181 3774 333 3837 divinam
344 3775 387 3837 ad
403 3777 484 3858 plus
495 3777 553 3838 vel
569 3777 683 3840 minus
699 3779 982 3860 prodessendum
999 3777 1165 3849 ecclesie;

180 3879 322 3960 quando
355 3887 470 3941 autem
504 3880 686 3945 ordinacio
723 3883 872 3944 humana
905 3883 1098 3945 concordat
1130 3882 1166 3945 in

179 4002 335 4065 persona
369 4004 470 4066 quam
495 3986 595 4048 Deus
628 3986 674 4048 ad
705 3987 850 4068 gradum
874 3988 979 4050 talem
1004 3986 1165 4069 elegerit,

233 4275 265 4317 ¹7·
286 4263 362 4307 Codd.
382 4263 404 4304 ln
425 4274 512 4316 marga
534 4261 600 4305 Ordo
622 4263 706 4318 duplex
726 4261 880 4306 sacerdotum.
946 4275 980 4306 21.
1002 4262 1046 4307 Hic
1067 4264 1164 4307 verbum

179 4332 260 4375 deesse
275 4333 373 4375 videtur.
