3008 5026
142 390 274 475 clevi]
440 414 485 463 os
504 413 715 464 eorssrnn:
738 414 835 465 pnes.
1289 417 1346 461 121

142 567 262 649 XVII,
300 588 378 632 cum
413 570 506 633 enim
538 569 607 633 sibi
630 571 759 633 desunt
791 571 958 634 miracula
989 581 1025 634 et
1056 571 1130 633 vite
1175 585 1313 629 buterum

142 673 326 752 sanctitas;
365 675 465 738 aliter
503 675 608 738 valde
650 675 756 758 pauci
792 695 858 739 suo
894 674 1132 757 disciplinatui
1155 638 1331 735 2¹32ssssssle

141 778 382 862 iungerentur.
414 778 525 843 Modo
558 791 676 843 autem
709 800 756 844 ex
786 780 954 844 instinctu
987 779 1133 862 dyaboli

143 893 242 948 totus
264 884 417 948 mundus
441 893 496 948 est
506 885 638 948 mundo
659 885 811 962 deditus,
827 885 878 948 sic
894 884 956 949 ubi
971 883 1131 949 Christus

119 988 258 1052 §renuit
282 987 468 1052 oblacione
492 988 639 1070 dyaboli
662 989 779 1052 omnia
800 1009 912 1072 regna
934 989 1065 1064 mundi,
1092 998 1133 1053 ut

143 1093 270 1156 dicitur
285 1092 410 1157 Matth.
426 1091 490 1170 IV,
512 1092 581 1156 iste
597 1093 741 1157 Pseudo
759 1093 846 1156 dicit
860 1091 1017 1156 maniace
1034 1094 1132 1175 quod

143 1197 343 1260 dominetur
379 1195 575 1279 capitaliter
615 1216 725 1280 super
761 1207 837 1262 tota
874 1196 1057 1261 habitabili
1095 1205 1133 1260 et

142 1322 209 1385 per
239 1301 314 1365 eius
344 1300 530 1364 licenciam
562 1309 600 1364 et
629 1301 846 1384 pacienciam
869 1301 1003 1385 singuli
1023 1319 1131 1385 reges

141 1415 304 1488 regnant.

103 1547 132 1581 ,ο
185 1511 324 1593 Tercio,
340 1511 401 1574 ubi
419 1510 578 1575 Christus
595 1513 815 1576 anathemate
831 1511 933 1595 gravi
948 1508 1131 1593 prohibuit
1174 1524 1309 1622 ³'ciriii‘'

142 1617 238 1697 quod
262 1636 334 1678 non
350 1616 541 1679 adderetur
557 1616 691 1699 aliquid
705 1616 938 1699 impertinens
961 1613 1034 1698 legi
1056 1633 1130 1692 sue,
1150 1629 1339 1726 hepffipikuplgrgw

142 1729 181 1783 ut
214 1728 315 1803 patet
338 1720 413 1785 Gal.
445 1721 561 1804 primo
586 1729 623 1784 et
656 1741 744 1804 sepe
768 1721 860 1800 alibi,
891 1721 960 1785 iste
985 1720 1130 1784 Pseudo
1176 1736 1317 1830 difficili

142 1822 293 1887 fabricat
325 1826 427 1908 leges
459 1845 583 1904 novas,
615 1846 686 1908 que
709 1846 883 1909 nusquam
905 1824 1132 1908 reperiuntur
1180 1839 1308 1894 scripture.

141 1927 178 1991 iu
201 1929 377 2013 scriptura
399 1949 512 2009 sacra;
533 1930 657 2013 inqua
679 1931 876 1994 secundum
892 1928 1132 2016 Augustinum

104 2043 201 2105 15est
223 2033 337 2097 omnis
360 2035 502 2107 veritas,
527 2037 592 2098 sed
615 2044 700 2099 sunt
720 2035 795 2118 legi
818 2034 948 2099 Christi
979 2036 1134 2097 latenter

144 2139 327 2203 contrarie.
350 2139 428 2203 Nec
453 2138 577 2203 mirum
600 2140 683 2223 quia
703 2140 872 2204 sacerdos
896 2148 934 2203 et
954 2139 1134 2223 propheta

143 2243 321 2325 paulative
345 2244 563 2308 declinantes
580 2265 599 2308 a
614 2247 695 2329 lege
711 2244 856 2308 Domini
871 2243 1133 2328 preposituram

143 2348 221 2411 talis
257 2348 399 2433 legiferi
436 2359 649 2429 meruerunt,
695 2359 734 2412 ut
778 2349 1031 2433 prophetatum
1076 2355 1134 2411 est

143 2451 284 2516 Psalmo
323 2451 391 2529 IX,
430 2473 479 2518 21.
516 2452 589 2517 Ubi
626 2455 804 2536 propheta
842 2453 887 2516 de
909 2451 1131 2517 Antichristo

101 2590 134 2625 20
142 2557 293 2638 loquens
309 2559 503 2620 secundum
521 2557 788 2639 exposicionem
804 2566 1020 2622 sanctorum:
1047 2556 1131 2622 Con·

141 2663 250 2739 stitue,
285 2661 409 2744 inquit,
445 2662 676 2742 legislatorem
712 2681 817 2744 super
854 2681 919 2727 eos.
954 2661 1000 2725 Et
1029 2661 1132 2724 istam

142 2765 234 2850 legis
274 2765 543 2830 translacionem
587 2775 734 2849 oportet
778 2766 882 2850 sequi
925 2774 1133 2829 extraneum

143 2871 378 2951 sacerdotem,
410 2870 493 2953 quia
514 2871 609 2937 Heb.
632 2870 712 2950 VII,
741 2891 776 2934 12
811 2870 898 2933 dicit
920 2871 1132 2952 Apostolus,

59 2996 115 3059 191·
143 2975 242 3057 quod
279 2976 447 3040 translato
467 2975 472 3056 Ι
491 2977 686 3039 sacerdocio
722 2994 853 3039 necesse
890 2979 938 3039 est
976 2981 1012 3038 ut
1048 2975 1134 3057 legis

101 3081 332 3146 25translacio
346 3079 426 3159 fiet.
464 3079 510 3141 Et
532 3079 601 3142 iste
625 3078 758 3162 triplex
781 3078 970 3159 funiculus,
995 3077 1134 3141 scilicet

143 3192 379 3248 commentum
395 3183 578 3263 mendacii,
607 3192 842 3246 commentum
865 3181 998 3246 favoris
1022 3181 1133 3246 seculi

143 3297 181 3351 et
212 3296 445 3352 commentum
473 3287 678 3351 tradicionis
702 3286 822 3369 inique
847 3294 930 3350 sunt
952 3285 1048 3349 basis
1080 3294 1132 3348 to·

143 3394 219 3458 cius
240 3393 328 3457 retis
352 3392 506 3476 dyaboli.

187 3496 333 3578 Quarto,
356 3496 418 3560 ubi
435 3496 595 3561 Christus
619 3494 730 3578 elegit
746 3494 941 3578 discipulos
953 3494 1132 3577 simplices
1161 3508 1240 3554 curm
1254 3508 1326 3553 chose

1166 3574 1225 3617 poor
1239 3563 1283 3606 alm
1302 3562 1323 3605 le

99 3600 279 3682 aoidiotas,
317 3603 449 3665 mundo
487 3621 668 3685 pauperes
707 3610 745 3665 et
780 3599 926 3664 introitu
959 3600 1002 3662 ad
1034 3618 1132 3663 suam
1170 3574 1324 3721 rppelfglrjn

142 3706 352 3789 religionem
383 3705 470 3770 fecit
500 3707 581 3788 plus
604 3725 794 3788 pauperes,
826 3714 866 3769 ut
887 3713 989 3789 patet
1010 3703 1133 3768 Matth.
1160 3719 1332 3815 chgpupopuech

142 3810 252 3890 x1X;
274 3811 343 3874 iste
353 3811 498 3875 Pseudo
516 3810 616 3892 eligit
632 3810 701 3874 sibi
716 3812 798 3893 plus
812 3810 963 3892 inclitos,
987 3808 1133 3873 callidos
1184 3875 1188 3884 ,
1204 3834 1230 3866 a·
1244 3834 1283 3866 are

143 3924 181 3979 et
212 3924 360 3993 astutos,
393 3924 431 3980 et
462 3917 561 3998 prius
593 3919 725 3980 mundo
758 3915 918 3979 abiectos
952 3915 1071 3978 elevat
1097 3913 1134 3976 in
1182 3875 1310 3971 llllllil?

143 4018 253 4083 falsos
278 4020 441 4083 dominos
465 4019 563 4084 urbis
587 4029 625 4084 et
648 4019 756 4083 orbis.
779 4019 898 4082 Aliter
923 4018 1015 4082 enirn
1038 4017 1133 4081 foret

100 4123 339 4207 35discipulus
371 4125 540 4208 magistro
574 4124 678 4188 nimis
711 4122 889 4187 dissimilis
922 4132 1028 4187 etex
1052 4142 1131 4187 con·

195 4295 219 4342 6.
233 4295 409 4342 Coddndicat.
479 4307 512 4340 ro.
535 4296 578 4339 AB
601 4296 624 4338 in
649 4307 737 4351 marg:
751 4306 777 4350 3.
838 4294 1131 4348 20.Codd.:ruporrlum.

143 4378 180 4424 ²9·
195 4367 239 4411 AB
250 4368 272 4412 in
285 4380 373 4423 marg:
389 4376 415 4420 4.
