<?xml version="1.0" encoding="UTF-8"?>
<!DOCTYPE html PUBLIC "-//W3C//DTD XHTML 1.0 Transitional//EN"
    "http://www.w3.org/TR/xhtml1/DTD/xhtml1-transitional.dtd">
<html xmlns="http://www.w3.org/1999/xhtml" xml:lang="en" lang="en">
 <head>
  <title>
</title>
<meta http-equiv="Content-Type" content="text/html;charset=utf-8" />
  <meta name='ocr-system' content='tesseract 3.04.00' />
  <meta name='ocr-capabilities' content='ocr_page ocr_carea ocr_par ocr_line ocrx_word'/>
</head>
<body>
  <div class='ocr_page' id='page_1' title='image "./johanniswyclift00mattgoog/johanniswyclift00mattgoog_0110.png"; bbox 0 0 3008 5026; ppageno 0'>
   <div class='ocr_carea' id='block_1_1' title="bbox 151 368 841 457">
    <p class='ocr_par' dir='ltr' id='par_1_1' title="bbox 151 368 841 457">
     <span class='ocr_line' id='line_1_1' title="bbox 151 368 841 457; baseline 0.016 -29"><span class='ocrx_word' id='word_1_1' title='bbox 151 383 218 428; x_wconf 70' lang='lat' dir='ltr'>cnr.</span> <span class='ocrx_word' id='word_1_2' title='bbox 237 368 290 457; x_wconf 76' lang='lat' dir='ltr'>nn]</span> <span class='ocrx_word' id='word_1_3' title='bbox 446 387 491 437; x_wconf 74' lang='lat' dir='ltr'>oe</span> <span class='ocrx_word' id='word_1_4' title='bbox 512 386 723 438; x_wconf 66' lang='lat' dir='ltr'>Perusinis</span> <span class='ocrx_word' id='word_1_5' title='bbox 745 388 841 439; x_wconf 73' lang='lat' dir='ltr'>enee.</span> 
     </span>
    </p>
   </div>
   <div class='ocr_carea' id='block_1_2' title="bbox 68 543 1357 4090">
    <p class='ocr_par' dir='ltr' id='par_1_2' title="bbox 149 543 1139 943">
     <span class='ocr_line' id='line_1_2' title="bbox 150 543 1138 628; baseline 0.001 -20"><span class='ocrx_word' id='word_1_6' title='bbox 150 555 188 609; x_wconf 91' lang='lat' dir='ltr'>et</span> <span class='ocrx_word' id='word_1_7' title='bbox 217 545 294 608; x_wconf 85' lang='lat' dir='ltr'>sine</span> <span class='ocrx_word' id='word_1_8' title='bbox 325 543 525 608; x_wconf 88' lang='lat' dir='ltr'>huiusmodi</span> <span class='ocrx_word' id='word_1_9' title='bbox 549 544 794 628; x_wconf 88' lang='lat' dir='ltr'>repugnancia</span> <span class='ocrx_word' id='word_1_10' title='bbox 817 546 935 627; x_wconf 91' lang='lat' dir='ltr'>quoad</span> <span class='ocrx_word' id='word_1_11' title='bbox 963 545 1065 609; x_wconf 89' lang='lat' dir='ltr'>aliam</span> <span class='ocrx_word' id='word_1_12' title='bbox 1090 566 1138 610; x_wconf 87' lang='lat' dir='ltr'>ra·</span> 
     </span>
     <span class='ocr_line' id='line_1_3' title="bbox 150 649 1139 733; baseline 0.001 -20"><span class='ocrx_word' id='word_1_13' title='bbox 150 650 288 715; x_wconf 88' lang='lat' dir='ltr'>cionem</span> <span class='ocrx_word' id='word_1_14' title='bbox 321 650 459 713; x_wconf 89' lang='lat' dir='ltr'>amandi</span> <span class='ocrx_word' id='word_1_15' title='bbox 490 649 619 713; x_wconf 89' lang='lat' dir='ltr'>Petrus</span> <span class='ocrx_word' id='word_1_16' title='bbox 651 651 733 732; x_wconf 92' lang='lat' dir='ltr'>plus</span> <span class='ocrx_word' id='word_1_17' title='bbox 765 650 834 713; x_wconf 91' lang='lat' dir='ltr'>hiis</span> <span class='ocrx_word' id='word_1_18' title='bbox 867 650 1020 733; x_wconf 91' lang='lat' dir='ltr'>diligens</span> <span class='ocrx_word' id='word_1_19' title='bbox 1058 652 1139 733; x_wconf 91' lang='lat' dir='ltr'>plus</span> 
     </span>
     <span class='ocr_line' id='line_1_4' title="bbox 149 753 1139 837; baseline 0.001 -20"><span class='ocrx_word' id='word_1_20' title='bbox 149 754 277 819; x_wconf 84' lang='lat' dir='ltr'>dilexit</span> <span class='ocrx_word' id='word_1_21' title='bbox 294 754 471 819; x_wconf 89' lang='lat' dir='ltr'>Christum</span> <span class='ocrx_word' id='word_1_22' title='bbox 487 762 594 837; x_wconf 91' lang='lat' dir='ltr'>atque</span> <span class='ocrx_word' id='word_1_23' title='bbox 619 753 807 817; x_wconf 87' lang='lat' dir='ltr'>ecclesiam</span> <span class='ocrx_word' id='word_1_24' title='bbox 824 775 928 837; x_wconf 92' lang='lat' dir='ltr'>quam</span> <span class='ocrx_word' id='word_1_25' title='bbox 943 754 1139 833; x_wconf 89' lang='lat' dir='ltr'>Johannes;</span> 
     </span>
     <span class='ocr_line' id='line_1_5' title="bbox 149 859 1139 943; baseline -0.003 -19"><span class='ocrx_word' id='word_1_26' title='bbox 149 870 184 924; x_wconf 91' lang='lat' dir='ltr'>et</span> <span class='ocrx_word' id='word_1_27' title='bbox 198 859 525 943; x_wconf 89' lang='lat' dir='ltr'>proporcionaliter</span> <span class='ocrx_word' id='word_1_28' title='bbox 541 870 640 923; x_wconf 90' lang='lat' dir='ltr'>erant</span> <span class='ocrx_word' id='word_1_29' title='bbox 660 878 829 941; x_wconf 89' lang='lat' dir='ltr'>asponso</span> <span class='ocrx_word' id='word_1_30' title='bbox 848 859 1001 924; x_wconf 82' lang='lat' dir='ltr'>ecclesie</span> <span class='ocrx_word' id='word_1_31' title='bbox 1020 859 1139 922; x_wconf 90' lang='lat' dir='ltr'>reada·</span> 
     </span>
    </p>

    <p class='ocr_par' dir='ltr' id='par_1_3' title="bbox 124 961 1141 1363">
     <span class='ocr_line' id='line_1_6' title="bbox 124 961 1140 1044; baseline -0.002 -15"><span class='ocrx_word' id='word_1_32' title='bbox 124 966 246 1040; x_wconf 61' lang='lat' dir='ltr'>§math</span> <span class='ocrx_word' id='word_1_33' title='bbox 279 965 423 1030; x_wconf 86' lang='lat' dir='ltr'>racione</span> <span class='ocrx_word' id='word_1_34' title='bbox 457 965 558 1028; x_wconf 88' lang='lat' dir='ltr'>cuius</span> <span class='ocrx_word' id='word_1_35' title='bbox 581 965 761 1044; x_wconf 86' lang='lat' dir='ltr'>Johannes</span> <span class='ocrx_word' id='word_1_36' title='bbox 795 972 864 1026; x_wconf 91' lang='lat' dir='ltr'>tam</span> <span class='ocrx_word' id='word_1_37' title='bbox 893 966 1020 1027; x_wconf 90' lang='lat' dir='ltr'>crebro</span> <span class='ocrx_word' id='word_1_38' title='bbox 1045 961 1140 1040; x_wconf 84' lang='lat' dir='ltr'>dicit,</span> 
     </span>
     <span class='ocr_line' id='line_1_7' title="bbox 149 1067 1141 1153; baseline -0.004 -19"><span class='ocrx_word' id='word_1_39' title='bbox 149 1091 220 1134; x_wconf 91' lang='lat' dir='ltr'>non</span> <span class='ocrx_word' id='word_1_40' title='bbox 244 1071 343 1153; x_wconf 93' lang='lat' dir='ltr'>quod</span> <span class='ocrx_word' id='word_1_41' title='bbox 362 1070 468 1149; x_wconf 92' lang='lat' dir='ltr'>Jesus</span> <span class='ocrx_word' id='word_1_42' title='bbox 492 1090 571 1132; x_wconf 91' lang='lat' dir='ltr'>eum</span> <span class='ocrx_word' id='word_1_43' title='bbox 595 1068 746 1132; x_wconf 86' lang='lat' dir='ltr'>maxime</span> <span class='ocrx_word' id='word_1_44' title='bbox 771 1067 955 1151; x_wconf 86' lang='lat' dir='ltr'>diligebat,</span> <span class='ocrx_word' id='word_1_45' title='bbox 979 1077 1018 1131; x_wconf 92' lang='lat' dir='ltr'>ut</span> <span class='ocrx_word' id='word_1_46' title='bbox 1040 1075 1141 1150; x_wconf 91' lang='lat' dir='ltr'>patet</span> 
     </span>
     <span class='ocr_line' id='line_1_8' title="bbox 148 1173 1140 1256; baseline -0.005 -17"><span class='ocrx_word' id='word_1_47' title='bbox 148 1176 226 1255; x_wconf 75' lang='lat' dir='ltr'>Jolu</span> <span class='ocrx_word' id='word_1_48' title='bbox 248 1175 356 1253; x_wconf 91' lang='lat' dir='ltr'>XIX,</span> <span class='ocrx_word' id='word_1_49' title='bbox 379 1173 457 1238; x_wconf 88' lang='lat' dir='ltr'>XX</span> <span class='ocrx_word' id='word_1_50' title='bbox 482 1183 519 1238; x_wconf 91' lang='lat' dir='ltr'>et</span> <span class='ocrx_word' id='word_1_51' title='bbox 541 1173 647 1254; x_wconf 87' lang='lat' dir='ltr'>XXI,</span> <span class='ocrx_word' id='word_1_52' title='bbox 675 1175 740 1236; x_wconf 88' lang='lat' dir='ltr'>sed</span> <span class='ocrx_word' id='word_1_53' title='bbox 763 1175 860 1256; x_wconf 90' lang='lat' dir='ltr'>quod</span> <span class='ocrx_word' id='word_1_54' title='bbox 885 1193 963 1235; x_wconf 91' lang='lat' dir='ltr'>eum</span> <span class='ocrx_word' id='word_1_55' title='bbox 987 1173 1140 1256; x_wconf 89' lang='lat' dir='ltr'>quodam</span> 
     </span>
     <span class='ocr_line' id='line_1_9' title="bbox 149 1277 895 1363; baseline 0 -21"><span class='ocrx_word' id='word_1_56' title='bbox 149 1279 279 1343; x_wconf 91' lang='lat' dir='ltr'>amoris</span> <span class='ocrx_word' id='word_1_57' title='bbox 302 1279 493 1363; x_wconf 86' lang='lat' dir='ltr'>privilegio</span> <span class='ocrx_word' id='word_1_58' title='bbox 517 1279 690 1361; x_wconf 83' lang='lat' dir='ltr'>precipue</span> <span class='ocrx_word' id='word_1_59' title='bbox 714 1277 895 1361; x_wconf 89' lang='lat' dir='ltr'>diligebat.</span> 
     </span>
    </p>

    <p class='ocr_par' dir='ltr' id='par_1_4' title="bbox 192 1383 1352 1468">
     <span class='ocr_line' id='line_1_10' title="bbox 192 1383 1352 1468; baseline -0.003 -21"><span class='ocrx_word' id='word_1_60' title='bbox 192 1384 250 1447; x_wconf 84' lang='lat' dir='ltr'>Ex</span> <span class='ocrx_word' id='word_1_61' title='bbox 273 1384 341 1448; x_wconf 91' lang='lat' dir='ltr'>ista</span> <span class='ocrx_word' id='word_1_62' title='bbox 362 1404 473 1468; x_wconf 90' lang='lat' dir='ltr'>ranga</span> <span class='ocrx_word' id='word_1_63' title='bbox 494 1392 618 1466; x_wconf 87' lang='lat' dir='ltr'>potest</span> <span class='ocrx_word' id='word_1_64' title='bbox 640 1383 721 1466; x_wconf 92' lang='lat' dir='ltr'>pius</span> <span class='ocrx_word' id='word_1_65' title='bbox 745 1383 937 1464; x_wconf 86' lang='lat' dir='ltr'>theologus</span> <span class='ocrx_word' id='word_1_66' title='bbox 965 1392 1141 1465; x_wconf 89' lang='lat' dir='ltr'>tamquam</span> <span class='ocrx_word' id='word_1_67' title='bbox 1152 1397 1231 1442; x_wconf 67' lang='lat' dir='ltr'>Peren</span> <span class='ocrx_word' id='word_1_68' title='bbox 1246 1398 1352 1456; x_wconf 70' lang='lat' dir='ltr'>primncy</span> 
     </span>
    </p>

    <p class='ocr_par' dir='ltr' id='par_1_5' title="bbox 107 1451 1357 3247">
     <span class='ocr_line' id='line_1_11' title="bbox 108 1451 1357 1572; baseline -0.003 -21"><span class='ocrx_word' id='word_1_69' title='bbox 108 1488 380 1552; x_wconf 74' lang='lat' dir='ltr'>refundamento</span> <span class='ocrx_word' id='word_1_70' title='bbox 410 1487 581 1572; x_wconf 87' lang='lat' dir='ltr'>colligere</span> <span class='ocrx_word' id='word_1_71' title='bbox 615 1488 713 1570; x_wconf 91' lang='lat' dir='ltr'>quod</span> <span class='ocrx_word' id='word_1_72' title='bbox 736 1487 865 1550; x_wconf 91' lang='lat' dir='ltr'>Petrus</span> <span class='ocrx_word' id='word_1_73' title='bbox 888 1486 1011 1550; x_wconf 87' lang='lat' dir='ltr'>habuit</span> <span class='ocrx_word' id='word_1_74' title='bbox 1033 1451 1357 1570; x_wconf 54' lang='lat' dir='ltr'>quen-iilir‘iiii‘id</span> 
     </span>
     <span class='ocr_line' id='line_1_12' title="bbox 150 1556 1316 1676; baseline -0.002 -20"><span class='ocrx_word' id='word_1_75' title='bbox 150 1595 229 1656; x_wconf 89' lang='lat' dir='ltr'>dam</span> <span class='ocrx_word' id='word_1_76' title='bbox 245 1593 434 1676; x_wconf 90' lang='lat' dir='ltr'>primatum</span> <span class='ocrx_word' id='word_1_77' title='bbox 451 1592 651 1675; x_wconf 91' lang='lat' dir='ltr'>apostolice</span> <span class='ocrx_word' id='word_1_78' title='bbox 668 1591 860 1674; x_wconf 89' lang='lat' dir='ltr'>dignitatis,</span> <span class='ocrx_word' id='word_1_79' title='bbox 885 1592 1042 1654; x_wconf 91' lang='lat' dir='ltr'>secundo</span> <span class='ocrx_word' id='word_1_80' title='bbox 1061 1610 1142 1654; x_wconf 91' lang='lat' dir='ltr'>con·</span> <span class='ocrx_word' id='word_1_81' title='bbox 1186 1556 1316 1610; x_wconf 50' lang='lat' dir='ltr'>mmm</span> 
     </span>
     <span class='ocr_line' id='line_1_13' title="bbox 150 1695 1142 1778; baseline -0.003 -17"><span class='ocrx_word' id='word_1_82' title='bbox 150 1699 307 1762; x_wconf 89' lang='lat' dir='ltr'>firmatur</span> <span class='ocrx_word' id='word_1_83' title='bbox 330 1697 424 1760; x_wconf 91' lang='lat' dir='ltr'>idem</span> <span class='ocrx_word' id='word_1_84' title='bbox 449 1717 496 1760; x_wconf 86' lang='lat' dir='ltr'>ex</span> <span class='ocrx_word' id='word_1_85' title='bbox 519 1696 611 1760; x_wconf 92' lang='lat' dir='ltr'>serie</span> <span class='ocrx_word' id='word_1_86' title='bbox 628 1698 819 1759; x_wconf 89' lang='lat' dir='ltr'>verborum</span> <span class='ocrx_word' id='word_1_87' title='bbox 844 1715 943 1759; x_wconf 84' lang='lat' dir='ltr'>sacre</span> <span class='ocrx_word' id='word_1_88' title='bbox 967 1695 1142 1778; x_wconf 83' lang='lat' dir='ltr'>scripture</span> 
     </span>
     <span class='ocr_line' id='line_1_14' title="bbox 151 1800 1142 1885; baseline -0.002 -20"><span class='ocrx_word' id='word_1_89' title='bbox 151 1813 188 1865; x_wconf 92' lang='lat' dir='ltr'>et</span> <span class='ocrx_word' id='word_1_90' title='bbox 226 1801 458 1885; x_wconf 88' lang='lat' dir='ltr'>prerogativa</span> <span class='ocrx_word' id='word_1_91' title='bbox 497 1822 563 1884; x_wconf 92' lang='lat' dir='ltr'>pre</span> <span class='ocrx_word' id='word_1_92' title='bbox 603 1801 733 1866; x_wconf 88' lang='lat' dir='ltr'>ceteris</span> <span class='ocrx_word' id='word_1_93' title='bbox 771 1801 852 1864; x_wconf 89' lang='lat' dir='ltr'>data</span> <span class='ocrx_word' id='word_1_94' title='bbox 889 1800 1010 1864; x_wconf 91' lang='lat' dir='ltr'>Petro.</span> <span class='ocrx_word' id='word_1_95' title='bbox 1054 1800 1142 1864; x_wconf 90' lang='lat' dir='ltr'>Nam</span> 
     </span>
     <span class='ocr_line' id='line_1_15' title="bbox 150 1906 1141 1988; baseline 0.001 -19"><span class='ocrx_word' id='word_1_96' title='bbox 150 1907 259 1972; x_wconf 88' lang='lat' dir='ltr'>Math.</span> <span class='ocrx_word' id='word_1_97' title='bbox 293 1906 341 1985; x_wconf 88' lang='lat' dir='ltr'>X,</span> <span class='ocrx_word' id='word_1_98' title='bbox 375 1928 391 1970; x_wconf 91' lang='lat'><em>2</em></span> <span class='ocrx_word' id='word_1_99' title='bbox 426 1908 478 1971; x_wconf 91' lang='lat' dir='ltr'>sic</span> <span class='ocrx_word' id='word_1_100' title='bbox 512 1906 655 1971; x_wconf 91' lang='lat' dir='ltr'>dicitur:</span> <span class='ocrx_word' id='word_1_101' title='bbox 688 1907 877 1970; x_wconf 84' lang='lat' dir='ltr'>Duodecim</span> <span class='ocrx_word' id='word_1_102' title='bbox 906 1908 1141 1988; x_wconf 82' lang='lat' dir='ltr'>apostolorum</span> 
     </span>
     <span class='ocr_line' id='line_1_16' title="bbox 109 2010 1141 2092; baseline 0.003 -20"><span class='ocrx_word' id='word_1_103' title='bbox 109 2014 294 2076; x_wconf 68' lang='lat' dir='ltr'>uinomina</span> <span class='ocrx_word' id='word_1_104' title='bbox 309 2018 389 2076; x_wconf 84' lang='lat' dir='ltr'>sunt</span> <span class='ocrx_word' id='word_1_105' title='bbox 403 2014 477 2075; x_wconf 83' lang='lat' dir='ltr'>hec:</span> <span class='ocrx_word' id='word_1_106' title='bbox 486 2011 632 2076; x_wconf 87' lang='lat' dir='ltr'>Primus</span> <span class='ocrx_word' id='word_1_107' title='bbox 642 2010 782 2092; x_wconf 82' lang='lat' dir='ltr'>Symon,</span> <span class='ocrx_word' id='word_1_108' title='bbox 798 2012 857 2091; x_wconf 82' lang='lat' dir='ltr'>qui</span> <span class='ocrx_word' id='word_1_109' title='bbox 871 2011 1000 2074; x_wconf 80' lang='lat' dir='ltr'>dicitur</span> <span class='ocrx_word' id='word_1_110' title='bbox 1010 2010 1141 2091; x_wconf 76' lang='lat' dir='ltr'>PeiruS,</span> 
     </span>
     <span class='ocr_line' id='line_1_17' title="bbox 151 2114 1141 2198; baseline 0 -19"><span class='ocrx_word' id='word_1_111' title='bbox 151 2121 180 2179; x_wconf 84' lang='lat' dir='ltr'>et</span> <span class='ocrx_word' id='word_1_112' title='bbox 210 2116 375 2180; x_wconf 83' lang='lat' dir='ltr'>Andreas</span> <span class='ocrx_word' id='word_1_113' title='bbox 396 2116 517 2198; x_wconf 86' lang='lat' dir='ltr'>frater</span> <span class='ocrx_word' id='word_1_114' title='bbox 549 2119 631 2180; x_wconf 86' lang='lat' dir='ltr'>eius.</span> <span class='ocrx_word' id='word_1_115' title='bbox 670 2114 758 2179; x_wconf 88' lang='lat' dir='ltr'>Cum</span> <span class='ocrx_word' id='word_1_116' title='bbox 796 2123 913 2178; x_wconf 89' lang='lat' dir='ltr'>autem</span> <span class='ocrx_word' id='word_1_117' title='bbox 949 2133 1019 2177; x_wconf 89' lang='lat' dir='ltr'>nec</span> <span class='ocrx_word' id='word_1_118' title='bbox 1051 2116 1141 2179; x_wconf 90' lang='lat' dir='ltr'>ordo</span> 
     </span>
     <span class='ocr_line' id='line_1_18' title="bbox 150 2218 1142 2302; baseline -0.001 -20"><span class='ocrx_word' id='word_1_119' title='bbox 150 2223 343 2284; x_wconf 88' lang='lat' dir='ltr'>verborum</span> <span class='ocrx_word' id='word_1_120' title='bbox 366 2240 433 2284; x_wconf 92' lang='lat' dir='ltr'>nec</span> <span class='ocrx_word' id='word_1_121' title='bbox 457 2220 581 2284; x_wconf 91' lang='lat' dir='ltr'>sillaba</span> <span class='ocrx_word' id='word_1_122' title='bbox 603 2221 638 2283; x_wconf 90' lang='lat' dir='ltr'>in</span> <span class='ocrx_word' id='word_1_123' title='bbox 661 2218 836 2302; x_wconf 89' lang='lat' dir='ltr'>scriptura</span> <span class='ocrx_word' id='word_1_124' title='bbox 863 2227 1025 2301; x_wconf 89' lang='lat' dir='ltr'>ponatur,</span> <span class='ocrx_word' id='word_1_125' title='bbox 1057 2219 1142 2302; x_wconf 90' lang='lat' dir='ltr'>quin</span> 
     </span>
     <span class='ocr_line' id='line_1_19' title="bbox 152 2322 1143 2408; baseline -0.002 -19"><span class='ocrx_word' id='word_1_126' title='bbox 152 2325 199 2391; x_wconf 91' lang='lat' dir='ltr'>sit</span> <span class='ocrx_word' id='word_1_127' title='bbox 227 2325 359 2390; x_wconf 88' lang='lat' dir='ltr'>omissa</span> <span class='ocrx_word' id='word_1_128' title='bbox 391 2325 581 2405; x_wconf 87' lang='lat' dir='ltr'>sentencia,</span> <span class='ocrx_word' id='word_1_129' title='bbox 619 2324 704 2408; x_wconf 91' lang='lat' dir='ltr'>quid</span> <span class='ocrx_word' id='word_1_130' title='bbox 731 2322 976 2407; x_wconf 87' lang='lat' dir='ltr'>pertinencius</span> <span class='ocrx_word' id='word_1_131' title='bbox 1001 2324 1143 2387; x_wconf 88' lang='lat' dir='ltr'>daretur</span> 
     </span>
     <span class='ocr_line' id='line_1_20' title="bbox 152 2429 1141 2515; baseline 0.002 -23"><span class='ocrx_word' id='word_1_132' title='bbox 152 2431 313 2515; x_wconf 83' lang='lat' dir='ltr'>intelligi,</span> <span class='ocrx_word' id='word_1_133' title='bbox 330 2431 428 2513; x_wconf 91' lang='lat' dir='ltr'>quod</span> <span class='ocrx_word' id='word_1_134' title='bbox 444 2430 575 2494; x_wconf 88' lang='lat' dir='ltr'>Petrus</span> <span class='ocrx_word' id='word_1_135' title='bbox 593 2429 720 2495; x_wconf 88' lang='lat' dir='ltr'>dicitur</span> <span class='ocrx_word' id='word_1_136' title='bbox 735 2429 870 2512; x_wconf 90' lang='lat' dir='ltr'>primus</span> <span class='ocrx_word' id='word_1_137' title='bbox 887 2430 1141 2512; x_wconf 89' lang='lat' dir='ltr'>apostolorum,</span> 
     </span>
     <span class='ocr_line' id='line_1_21' title="bbox 107 2535 1141 2620; baseline 0.007 -26"><span class='ocrx_word' id='word_1_138' title='bbox 107 2536 219 2599; x_wconf 80' lang='lat' dir='ltr'>zonisi</span> <span class='ocrx_word' id='word_1_139' title='bbox 243 2537 341 2619; x_wconf 91' lang='lat' dir='ltr'>quod</span> <span class='ocrx_word' id='word_1_140' title='bbox 363 2535 443 2618; x_wconf 91' lang='lat' dir='ltr'>ipse</span> <span class='ocrx_word' id='word_1_141' title='bbox 467 2535 693 2618; x_wconf 81' lang='lat' dir='ltr'>singulariter</span> <span class='ocrx_word' id='word_1_142' title='bbox 724 2545 825 2599; x_wconf 90' lang='lat' dir='ltr'>tenet</span> <span class='ocrx_word' id='word_1_143' title='bbox 846 2537 1035 2619; x_wconf 89' lang='lat' dir='ltr'>primatum</span> <span class='ocrx_word' id='word_1_144' title='bbox 1059 2557 1141 2620; x_wconf 90' lang='lat' dir='ltr'>apo·</span> 
     </span>
     <span class='ocr_line' id='line_1_22' title="bbox 153 2640 1143 2724; baseline 0.004 -22"><span class='ocrx_word' id='word_1_145' title='bbox 153 2640 279 2705; x_wconf 89' lang='lat' dir='ltr'>stolice</span> <span class='ocrx_word' id='word_1_146' title='bbox 296 2640 489 2724; x_wconf 85' lang='lat' dir='ltr'>dignitatis,</span> <span class='ocrx_word' id='word_1_147' title='bbox 508 2661 586 2703; x_wconf 88' lang='lat' dir='ltr'>cum</span> <span class='ocrx_word' id='word_1_148' title='bbox 602 2640 800 2703; x_wconf 90' lang='lat' dir='ltr'>vocacione</span> <span class='ocrx_word' id='word_1_149' title='bbox 816 2642 980 2705; x_wconf 88' lang='lat' dir='ltr'>Andreas</span> <span class='ocrx_word' id='word_1_150' title='bbox 997 2642 1143 2707; x_wconf 88' lang='lat' dir='ltr'>Petrum</span> 
     </span>
     <span class='ocr_line' id='line_1_23' title="bbox 152 2744 1141 2828; baseline 0.002 -20"><span class='ocrx_word' id='word_1_151' title='bbox 152 2746 376 2827; x_wconf 81' lang='lat' dir='ltr'>precesserit,</span> <span class='ocrx_word' id='word_1_152' title='bbox 410 2755 450 2809; x_wconf 93' lang='lat' dir='ltr'>ut</span> <span class='ocrx_word' id='word_1_153' title='bbox 481 2754 581 2828; x_wconf 91' lang='lat' dir='ltr'>patet</span> <span class='ocrx_word' id='word_1_154' title='bbox 612 2745 689 2824; x_wconf 91' lang='lat' dir='ltr'>Joh.</span> <span class='ocrx_word' id='word_1_155' title='bbox 714 2744 739 2808; x_wconf 89' lang='lat' dir='ltr'>I.</span> <span class='ocrx_word' id='word_1_156' title='bbox 777 2744 858 2809; x_wconf 93' lang='lat' dir='ltr'>Non</span> <span class='ocrx_word' id='word_1_157' title='bbox 887 2746 997 2828; x_wconf 88' lang='lat' dir='ltr'>igitur</span> <span class='ocrx_word' id='word_1_158' title='bbox 1026 2768 1072 2810; x_wconf 84' lang='lat' dir='ltr'>ex</span> <span class='ocrx_word' id='word_1_159' title='bbox 1094 2747 1141 2810; x_wconf 91' lang='lat' dir='ltr'>in·</span> 
     </span>
     <span class='ocr_line' id='line_1_24' title="bbox 153 2849 1143 2933; baseline 0.003 -20"><span class='ocrx_word' id='word_1_160' title='bbox 153 2849 359 2913; x_wconf 87' lang='lat' dir='ltr'>differencia</span> <span class='ocrx_word' id='word_1_161' title='bbox 390 2851 580 2933; x_wconf 89' lang='lat' dir='ltr'>preposuit</span> <span class='ocrx_word' id='word_1_162' title='bbox 608 2849 770 2914; x_wconf 89' lang='lat' dir='ltr'>Christus</span> <span class='ocrx_word' id='word_1_163' title='bbox 794 2850 940 2914; x_wconf 91' lang='lat' dir='ltr'>Petrum</span> <span class='ocrx_word' id='word_1_164' title='bbox 972 2852 1007 2915; x_wconf 93' lang='lat' dir='ltr'>in</span> <span class='ocrx_word' id='word_1_165' title='bbox 1040 2872 1143 2916; x_wconf 89' lang='lat' dir='ltr'>voca·</span> 
     </span>
     <span class='ocr_line' id='line_1_25' title="bbox 153 2954 1142 3040; baseline 0.003 -22"><span class='ocrx_word' id='word_1_166' title='bbox 153 2954 270 3033; x_wconf 71' lang='lat' dir='ltr'>cione,</span> <span class='ocrx_word' id='word_1_167' title='bbox 293 2955 417 3038; x_wconf 89' lang='lat' dir='ltr'>tercio,</span> <span class='ocrx_word' id='word_1_168' title='bbox 442 2965 481 3018; x_wconf 92' lang='lat' dir='ltr'>ut</span> <span class='ocrx_word' id='word_1_169' title='bbox 504 2965 603 3037; x_wconf 90' lang='lat' dir='ltr'>patet</span> <span class='ocrx_word' id='word_1_170' title='bbox 622 2956 729 3020; x_wconf 90' lang='lat' dir='ltr'>Math.</span> <span class='ocrx_word' id='word_1_171' title='bbox 745 2955 784 3020; x_wconf 90' lang='lat' dir='ltr'>X</span> <span class='ocrx_word' id='word_1_172' title='bbox 809 2965 845 3020; x_wconf 89' lang='lat' dir='ltr'>et</span> <span class='ocrx_word' id='word_1_173' title='bbox 860 2956 958 3019; x_wconf 91' lang='lat' dir='ltr'>Luce</span> <span class='ocrx_word' id='word_1_174' title='bbox 974 2955 1035 3037; x_wconf 88' lang='lat' dir='ltr'>VI,</span> <span class='ocrx_word' id='word_1_175' title='bbox 1058 2978 1142 3040; x_wconf 91' lang='lat' dir='ltr'>ymo</span> 
     </span>
     <span class='ocr_line' id='line_1_26' title="bbox 109 3059 1142 3144; baseline 0.005 -25"><span class='ocrx_word' id='word_1_176' title='bbox 109 3068 142 3118; x_wconf 79' lang='lat'>25</span> <span class='ocrx_word' id='word_1_177' title='bbox 154 3059 386 3123; x_wconf 88' lang='lat' dir='ltr'>communiter</span> <span class='ocrx_word' id='word_1_178' title='bbox 409 3061 694 3123; x_wconf 87' lang='lat' dir='ltr'>connumerando</span> <span class='ocrx_word' id='word_1_179' title='bbox 718 3063 902 3142; x_wconf 90' lang='lat' dir='ltr'>apostolos</span> <span class='ocrx_word' id='word_1_180' title='bbox 918 3061 1049 3125; x_wconf 90' lang='lat' dir='ltr'>Petrus</span> <span class='ocrx_word' id='word_1_181' title='bbox 1064 3082 1142 3144; x_wconf 90' lang='lat' dir='ltr'>pre·</span> 
     </span>
     <span class='ocr_line' id='line_1_27' title="bbox 153 3163 919 3247; baseline 0.003 -20"><span class='ocrx_word' id='word_1_182' title='bbox 153 3163 298 3247; x_wconf 91' lang='lat' dir='ltr'>ponitur</span> <span class='ocrx_word' id='word_1_183' title='bbox 321 3167 365 3227; x_wconf 91' lang='lat' dir='ltr'>ab</span> <span class='ocrx_word' id='word_1_184' title='bbox 392 3184 446 3237; x_wconf 90' lang='lat' dir='ltr'>eo,</span> <span class='ocrx_word' id='word_1_185' title='bbox 471 3164 531 3247; x_wconf 92' lang='lat' dir='ltr'>qui</span> <span class='ocrx_word' id='word_1_186' title='bbox 554 3167 640 3228; x_wconf 82' lang='lat' dir='ltr'>dixit</span> <span class='ocrx_word' id='word_1_187' title='bbox 663 3172 693 3228; x_wconf 85' lang='lat' dir='ltr'>et</span> <span class='ocrx_word' id='word_1_188' title='bbox 706 3165 811 3247; x_wconf 81' lang='lat' dir='ltr'>facta</span> <span class='ocrx_word' id='word_1_189' title='bbox 832 3171 919 3229; x_wconf 73' lang='lat' dir='ltr'>sient.</span> 
     </span>
    </p>

    <p class='ocr_par' dir='ltr' id='par_1_6' title="bbox 154 3267 1144 3563">
     <span class='ocr_line' id='line_1_28' title="bbox 197 3267 1144 3353; baseline 0.003 -22"><span class='ocrx_word' id='word_1_190' title='bbox 197 3267 375 3351; x_wconf 82' lang='lat' dir='ltr'>Quantum</span> <span class='ocrx_word' id='word_1_191' title='bbox 391 3271 435 3332; x_wconf 91' lang='lat' dir='ltr'>ad</span> <span class='ocrx_word' id='word_1_192' title='bbox 451 3269 641 3353; x_wconf 86' lang='lat' dir='ltr'>privilegia</span> <span class='ocrx_word' id='word_1_193' title='bbox 662 3269 845 3353; x_wconf 90' lang='lat' dir='ltr'>dignitatis</span> <span class='ocrx_word' id='word_1_194' title='bbox 870 3270 1021 3334; x_wconf 89' lang='lat' dir='ltr'>ecclesie</span> <span class='ocrx_word' id='word_1_195' title='bbox 1037 3271 1144 3336; x_wconf 88' lang='lat' dir='ltr'>Math.</span> 
     </span>
     <span class='ocr_line' id='line_1_29' title="bbox 154 3372 1142 3457; baseline 0.003 -22"><span class='ocrx_word' id='word_1_196' title='bbox 154 3372 256 3453; x_wconf 92' lang='lat' dir='ltr'>XVI,</span> <span class='ocrx_word' id='word_1_197' title='bbox 286 3378 409 3455; x_wconf 87' lang='lat'>18-19</span> <span class='ocrx_word' id='word_1_198' title='bbox 442 3383 528 3457; x_wconf 92' lang='lat' dir='ltr'>post</span> <span class='ocrx_word' id='word_1_199' title='bbox 560 3374 821 3439; x_wconf 87' lang='lat' dir='ltr'>confessionem</span> <span class='ocrx_word' id='word_1_200' title='bbox 854 3374 952 3439; x_wconf 88' lang='lat' dir='ltr'>Petri</span> <span class='ocrx_word' id='word_1_201' title='bbox 986 3375 1029 3438; x_wconf 91' lang='lat' dir='ltr'>de</span> <span class='ocrx_word' id='word_1_202' title='bbox 1061 3375 1142 3438; x_wconf 86' lang='lat' dir='ltr'>filia·</span> 
     </span>
     <span class='ocr_line' id='line_1_30' title="bbox 156 3477 1144 3563; baseline 0.002 -23"><span class='ocrx_word' id='word_1_203' title='bbox 156 3477 258 3541; x_wconf 86' lang='lat' dir='ltr'>eione</span> <span class='ocrx_word' id='word_1_204' title='bbox 282 3477 411 3543; x_wconf 87' lang='lat' dir='ltr'>Christi</span> <span class='ocrx_word' id='word_1_205' title='bbox 443 3479 601 3558; x_wconf 90' lang='lat' dir='ltr'>naturali,</span> <span class='ocrx_word' id='word_1_206' title='bbox 632 3480 820 3563; x_wconf 90' lang='lat' dir='ltr'>respondit</span> <span class='ocrx_word' id='word_1_207' title='bbox 843 3479 1012 3560; x_wconf 88' lang='lat' dir='ltr'>Christus,</span> <span class='ocrx_word' id='word_1_208' title='bbox 1044 3480 1144 3563; x_wconf 89' lang='lat' dir='ltr'>quasi</span> 
     </span>
    </p>

    <p class='ocr_par' dir='ltr' id='par_1_7' title="bbox 68 3582 1145 4090">
     <span class='ocr_line' id='line_1_31' title="bbox 111 3582 1143 3667; baseline 0.006 -25"><span class='ocrx_word' id='word_1_209' title='bbox 111 3592 221 3665; x_wconf 87' lang='lat' dir='ltr'>30pr0</span> <span class='ocrx_word' id='word_1_210' title='bbox 246 3582 331 3646; x_wconf 89' lang='lat' dir='ltr'>arris</span> <span class='ocrx_word' id='word_1_211' title='bbox 354 3583 529 3647; x_wconf 89' lang='lat' dir='ltr'>mercedis</span> <span class='ocrx_word' id='word_1_212' title='bbox 551 3583 647 3650; x_wconf 91' lang='lat' dir='ltr'>fidei:</span> <span class='ocrx_word' id='word_1_213' title='bbox 674 3585 717 3648; x_wconf 81' lang='lat' dir='ltr'>Et</span> <span class='ocrx_word' id='word_1_214' title='bbox 740 3598 799 3667; x_wconf 78' lang='lat' dir='ltr'>ego</span> <span class='ocrx_word' id='word_1_215' title='bbox 822 3587 897 3648; x_wconf 89' lang='lat' dir='ltr'>dico</span> <span class='ocrx_word' id='word_1_216' title='bbox 920 3587 981 3648; x_wconf 86' lang='lat' dir='ltr'>tibi</span> <span class='ocrx_word' id='word_1_217' title='bbox 1003 3588 1085 3666; x_wconf 84' lang='lat' dir='ltr'>quia</span> <span class='ocrx_word' id='word_1_218' title='bbox 1107 3591 1143 3648; x_wconf 84' lang='lat' dir='ltr'>tu</span> 
     </span>
     <span class='ocr_line' id='line_1_32' title="bbox 156 3686 1143 3772; baseline 0.005 -23"><span class='ocrx_word' id='word_1_219' title='bbox 156 3706 190 3750; x_wconf 87' lang='lat' dir='ltr'>es</span> <span class='ocrx_word' id='word_1_220' title='bbox 205 3686 338 3764; x_wconf 86' lang='lat' dir='ltr'>Petrus,</span> <span class='ocrx_word' id='word_1_221' title='bbox 354 3694 383 3751; x_wconf 81' lang='lat' dir='ltr'>ei</span> <span class='ocrx_word' id='word_1_222' title='bbox 402 3708 508 3771; x_wconf 81' lang='lat' dir='ltr'>super</span> <span class='ocrx_word' id='word_1_223' title='bbox 522 3691 611 3753; x_wconf 79' lang='lat' dir='ltr'>hauc</span> <span class='ocrx_word' id='word_1_224' title='bbox 621 3696 762 3772; x_wconf 81' lang='lat' dir='ltr'>petram</span> <span class='ocrx_word' id='word_1_225' title='bbox 786 3690 950 3770; x_wconf 86' lang='lat' dir='ltr'>edificabo</span> <span class='ocrx_word' id='word_1_226' title='bbox 966 3693 1143 3755; x_wconf 88' lang='lat' dir='ltr'>ecclesiam</span> 
     </span>
     <span class='ocr_line' id='line_1_33' title="bbox 155 3794 1145 3878; baseline 0.004 -23"><span class='ocrx_word' id='word_1_227' title='bbox 155 3811 271 3857; x_wconf 86' lang='lat' dir='ltr'>meam</span> <span class='ocrx_word' id='word_1_228' title='bbox 304 3799 335 3856; x_wconf 85' lang='lat' dir='ltr'>et</span> <span class='ocrx_word' id='word_1_229' title='bbox 361 3800 461 3875; x_wconf 81' lang='lat' dir='ltr'>porte</span> <span class='ocrx_word' id='word_1_230' title='bbox 493 3794 599 3876; x_wconf 84' lang='lat' dir='ltr'>inferi</span> <span class='ocrx_word' id='word_1_231' title='bbox 631 3814 698 3858; x_wconf 87' lang='lat' dir='ltr'>non</span> <span class='ocrx_word' id='word_1_232' title='bbox 727 3797 951 3878; x_wconf 82' lang='lat' dir='ltr'>prevalebunt</span> <span class='ocrx_word' id='word_1_233' title='bbox 978 3797 1145 3859; x_wconf 85' lang='lat' dir='ltr'>adversus</span> 
     </span>
     <span class='ocr_line' id='line_1_34' title="bbox 156 3900 1143 3982; baseline 0.003 -21"><span class='ocrx_word' id='word_1_234' title='bbox 156 3917 244 3978; x_wconf 84' lang='lat' dir='ltr'>eam,</span> <span class='ocrx_word' id='word_1_235' title='bbox 277 3905 306 3962; x_wconf 85' lang='lat' dir='ltr'>et</span> <span class='ocrx_word' id='word_1_236' title='bbox 336 3900 396 3962; x_wconf 81' lang='lat' dir='ltr'>ribi</span> <span class='ocrx_word' id='word_1_237' title='bbox 423 3902 509 3963; x_wconf 86' lang='lat' dir='ltr'>dabo</span> <span class='ocrx_word' id='word_1_238' title='bbox 538 3903 649 3965; x_wconf 85' lang='lat' dir='ltr'>claves</span> <span class='ocrx_word' id='word_1_239' title='bbox 672 3902 771 3982; x_wconf 82' lang='lat' dir='ltr'>regni</span> <span class='ocrx_word' id='word_1_240' title='bbox 794 3902 956 3976; x_wconf 80' lang='lat' dir='ltr'>celorum,</span> <span class='ocrx_word' id='word_1_241' title='bbox 988 3906 1018 3963; x_wconf 84' lang='lat' dir='ltr'>et</span> <span class='ocrx_word' id='word_1_242' title='bbox 1040 3902 1143 3980; x_wconf 85' lang='lat' dir='ltr'>quod·</span> 
     </span>
     <span class='ocr_line' id='line_1_35' title="bbox 68 4003 1144 4090; baseline 0.004 -27"><span class='ocrx_word' id='word_1_243' title='bbox 68 4015 129 4078; x_wconf 73' lang='lat'>172²</span> <span class='ocrx_word' id='word_1_244' title='bbox 155 4021 283 4084; x_wconf 82' lang='lat' dir='ltr'>cunque</span> <span class='ocrx_word' id='word_1_245' title='bbox 304 4006 470 4085; x_wconf 84' lang='lat' dir='ltr'>ligaveris</span> <span class='ocrx_word' id='word_1_246' title='bbox 491 4025 595 4088; x_wconf 86' lang='lat' dir='ltr'>super</span> <span class='ocrx_word' id='word_1_247' title='bbox 617 4012 750 4071; x_wconf 81' lang='lat' dir='ltr'>terram</span> <span class='ocrx_word' id='word_1_248' title='bbox 771 4003 776 4090; x_wconf 87' lang='grc'>1</span> <span class='ocrx_word' id='word_1_249' title='bbox 796 4008 860 4069; x_wconf 86' lang='lat' dir='ltr'>erit</span> <span class='ocrx_word' id='word_1_250' title='bbox 882 4007 1030 4087; x_wconf 78' lang='lat' dir='ltr'>ligatum</span> <span class='ocrx_word' id='word_1_251' title='bbox 1055 4011 1085 4068; x_wconf 82' lang='lat' dir='ltr'>et</span> <span class='ocrx_word' id='word_1_252' title='bbox 1108 4006 1144 4067; x_wconf 87' lang='lat' dir='ltr'>in</span> 
     </span>
    </p>
   </div>
   <div class='ocr_carea' id='block_1_3' title="bbox 156 4209 1144 4405">
    <p class='ocr_par' dir='ltr' id='par_1_8' title="bbox 156 4209 1144 4405">
     <span class='ocr_line' id='line_1_36' title="bbox 209 4209 1144 4266; baseline 0 -14"><span class='ocrx_word' id='word_1_253' title='bbox 209 4221 231 4265; x_wconf 87' lang='lat'>9.</span> <span class='ocrx_word' id='word_1_254' title='bbox 247 4220 340 4265; x_wconf 63' lang='lat' dir='ltr'>magas</span> <span class='ocrx_word' id='word_1_255' title='bbox 359 4209 389 4255; x_wconf 83' lang='lat' dir='ltr'>cl.</span> <span class='ocrx_word' id='word_1_256' title='bbox 410 4209 443 4253; x_wconf 84' lang='lat' dir='ltr'>Dc</span> <span class='ocrx_word' id='word_1_257' title='bbox 458 4209 561 4254; x_wconf 83' lang='lat' dir='ltr'>Veritare</span> <span class='ocrx_word' id='word_1_258' title='bbox 583 4211 608 4255; x_wconf 90' lang='lat' dir='ltr'>S.</span> <span class='ocrx_word' id='word_1_259' title='bbox 630 4211 765 4266; x_wconf 79' lang='lat' dir='ltr'>scripturae</span> <span class='ocrx_word' id='word_1_260' title='bbox 780 4223 802 4266; x_wconf 89' lang='lat' dir='ltr'>p.</span> <span class='ocrx_word' id='word_1_261' title='bbox 825 4211 896 4264; x_wconf 80' lang='lat'>1241.</span> <span class='ocrx_word' id='word_1_262' title='bbox 915 4224 937 4264; x_wconf 88' lang='lat'>4.</span> <span class='ocrx_word' id='word_1_263' title='bbox 953 4209 973 4253; x_wconf 85' lang='lat' dir='ltr'>lt</span> <span class='ocrx_word' id='word_1_264' title='bbox 988 4221 1063 4253; x_wconf 75' lang='lat' dir='ltr'>seems</span> <span class='ocrx_word' id='word_1_265' title='bbox 1078 4216 1102 4252; x_wconf 87' lang='lat' dir='ltr'>ro</span> <span class='ocrx_word' id='word_1_266' title='bbox 1118 4211 1144 4253; x_wconf 88' lang='lat' dir='ltr'>be</span> 
     </span>
     <span class='ocr_line' id='line_1_37' title="bbox 156 4278 1144 4336; baseline 0.002 -14"><span class='ocrx_word' id='word_1_267' title='bbox 156 4279 223 4322; x_wconf 80' lang='lat' dir='ltr'>taken</span> <span class='ocrx_word' id='word_1_268' title='bbox 239 4281 299 4322; x_wconf 87' lang='lat' dir='ltr'>lrorn</span> <span class='ocrx_word' id='word_1_269' title='bbox 311 4278 405 4334; x_wconf 75' lang='lat' dir='ltr'>English</span> <span class='ocrx_word' id='word_1_270' title='bbox 417 4292 487 4330; x_wconf 70' lang='lat' dir='ltr'>range</span> <span class='ocrx_word' id='word_1_271' title='bbox 501 4293 528 4323; x_wconf 89' lang='lat' dir='ltr'>or</span> <span class='ocrx_word' id='word_1_272' title='bbox 539 4282 596 4324; x_wconf 79' lang='lat' dir='ltr'>rank</span> <span class='ocrx_word' id='word_1_273' title='bbox 607 4281 742 4336; x_wconf 76' lang='lat' dir='ltr'>(Matthcw).</span> <span class='ocrx_word' id='word_1_274' title='bbox 797 4295 832 4334; x_wconf 65' lang='lat' dir='ltr'>rr.</span> <span class='ocrx_word' id='word_1_275' title='bbox 849 4280 920 4324; x_wconf 88' lang='lat' dir='ltr'>Cod.:</span> <span class='ocrx_word' id='word_1_276' title='bbox 936 4281 1011 4324; x_wconf 78' lang='lat' dir='ltr'>tercia</span> <span class='ocrx_word' id='word_1_277' title='bbox 1076 4284 1144 4336; x_wconf 80' lang='lat' dir='ltr'><strong>27.A</strong></span> 
     </span>
     <span class='ocr_line' id='line_1_38' title="bbox 157 4349 668 4405; baseline 0.006 -13"><span class='ocrx_word' id='word_1_278' title='bbox 157 4350 180 4392; x_wconf 86' lang='lat' dir='ltr'>in</span> <span class='ocrx_word' id='word_1_279' title='bbox 196 4362 284 4405; x_wconf 64' lang='lat' dir='ltr'>margi</span> <span class='ocrx_word' id='word_1_280' title='bbox 299 4349 369 4393; x_wconf 79' lang='lat' dir='ltr'>Petra</span> <span class='ocrx_word' id='word_1_281' title='bbox 386 4351 501 4405; x_wconf 74' lang='lat' dir='ltr'>Christus,</span> <span class='ocrx_word' id='word_1_282' title='bbox 515 4363 562 4394; x_wconf 80' lang='lat' dir='ltr'>non</span> <span class='ocrx_word' id='word_1_283' title='bbox 577 4355 668 4395; x_wconf 74' lang='lat' dir='ltr'>Petrus.</span> 
     </span>
    </p>
   </div>
   <div class='ocr_carea' id='block_1_4' title="bbox 0 0 1509 5026">
    <p class='ocr_par' dir='ltr' id='par_1_9' title="bbox 0 0 1509 5026">
     <span class='ocr_line' id='line_1_39' title="bbox 0 0 1509 5026; baseline 0 0"><span class='ocrx_word' id='word_1_284' title='bbox 0 0 1509 5026; x_wconf 95' lang='lat' dir='ltr'> </span> 
     </span>
    </p>
   </div>
  </div>
 </body>
</html>
