3008 5026
655 403 825 455 Jouxnms
846 403 985 453 wicun
1182 378 1265 467 [cin.
1280 393 1309 438 x.

323 561 438 647 primo
461 561 498 624 in
521 568 690 642 quantum
714 570 769 624 est
792 568 951 624 creatura
966 558 1045 636 Dei,
1069 558 1192 621 dicens
1214 563 1312 620 natu·
1343 561 1407 613 218·

323 666 443 732 raliter
459 665 645 729 veritatem
662 665 869 729 catholicam
881 664 1085 741 faciendam,
1102 670 1139 726 et
1153 663 1313 728 secundo

324 772 538 849 resistendo,
562 772 644 833 dum
669 790 688 834 a
710 771 792 853 lege
809 770 880 834 Dei
900 769 1090 846 exorbitat,
1115 789 1193 832 cum
1216 776 1314 831 natu·

325 878 445 942 raliter
477 877 563 939 illud
595 875 695 958 petit.
742 873 802 941 Sic
835 885 951 938 autem
990 874 1151 938 obedivit
1183 874 1314 938 Paulus

325 984 435 1047 Petro
460 980 532 1046 Gal.
556 980 592 1043 II
620 989 657 1043 et
687 979 738 1043 sic
762 981 977 1044 obedierunt
1003 999 1111 1064 reges
1135 987 1171 1042 et
1195 978 1340 1041 clerici5

326 1085 572 1170 pseudopapis
595 1085 696 1166 ipsos
717 1085 943 1167 deponendo.
967 1082 1180 1148 Obediendo
1198 1091 1314 1146 autem

325 1191 459 1256 homini
490 1191 685 1253 secundum
717 1189 893 1253 racionem
920 1189 1053 1267 falsam,
1086 1197 1126 1253 ut
1152 1197 1239 1271 puta
1262 1208 1315 1251 se·

328 1295 481 1359 cundum
504 1294 684 1359 racionem
712 1314 781 1376 qua
804 1292 895 1356 false
919 1293 1075 1357 creditur
1097 1295 1230 1357 habere
1252 1312 1315 1375 po·

328 1407 495 1471 testatem
505 1400 563 1461 vel
577 1397 830 1461 excellenciam
842 1417 945 1481 quam
962 1396 1072 1461 aDeo
1089 1418 1160 1461 non
1175 1399 1316 1474 habeat,

330 1511 386 1567 est
409 1512 596 1585 utrumque
624 1509 812 1584 peccatum
836 1501 1073 1583 dampnabile,
1101 1522 1179 1565 cum
1203 1510 1242 1566 ut
1265 1502 1316 1565 sic
1332 1520 1363 1553 ¹0

330 1606 457 1670 colitur
488 1605 728 1669 Antichristus
761 1613 797 1668 et
828 1605 1063 1668 abhominacio
1094 1607 1319 1670 desolacionis

329 1716 426 1775 stans
448 1712 484 1772 in
508 1711 642 1791 templo,
671 1711 715 1772 de
740 1729 808 1791 qua
831 1709 963 1791 legitur
988 1709 1211 1791 evangelium
1239 1730 1317 1772 cum

331 1817 518 1899 propheta.

123 1909 314 2009 Tss‘ffi‘hissffi
376 1918 449 1984 Sed
474 1919 633 1982 secundo
662 1918 821 2001 arguitur
848 1920 946 2001 quod
969 1939 1061 2002 papa
1085 1919 1193 1983 habet
1216 1928 1317 2001 potc-

123 2015 314 2113 Ρῐξξξξξῖῦῗὲξα
333 2031 458 2087 statem
482 2023 586 2086 talem
613 2022 813 2100 aDomino‚
837 2031 876 2086 ut
898 2022 984 2086 dicit
1006 2024 1187 2087 decretum
1203 2022 1319 2086 XXII
1335 2029 1364 2080 15

333 2127 567 2191 distinccione
591 2125 830 2206 Sacrosancta,
853 2128 914 2190 ubi
934 2129 1129 2191 Anacletus
1152 2147 1245 2210 papa
1268 2127 1320 2191 sic

331 2231 501 2314 loquitur:
542 2232 765 2295 sacrosancto
798 2232 960 2296 Romana
998 2234 1135 2297 ecclesia
1173 2252 1239 2296 non
1277 2234 1321 2295 ab

333 2337 497 2419 apostolis·
523 2339 581 2400 sed
604 2338 647 2399 ab
674 2333 748 2419 ipso
772 2337 921 2401 Domino
945 2339 1143 2419 primatum
1171 2338 1321 2401 obtinuit.

332 2440 389 2503 Ex
423 2460 493 2522 quo
527 2440 688 2522 sequitur
719 2443 816 2524 quod
849 2462 920 2504 non
953 2445 996 2507 ab
1024 2441 1238 2524 imperatore
1261 2441 1322 2504 vel

333 2545 474 2608 homine
507 2546 571 2607 sed
602 2544 803 2608 immediate
838 2565 858 2609 a
891 2546 972 2609 Deo
1004 2565 1100 2628 papa
1126 2546 1234 2609 habet
1261 2565 1321 2608 ex·
1333 2563 1367 2598 20

335 2647 616 2712 callentissimam
646 2649 863 2732 dignitatem.
902 2649 948 2712 Et
975 2650 1067 2713 idem
1097 2649 1323 2714 confirmatur

334 2753 493 2816 secundo
518 2773 564 2816 ex
588 2753 824 2817 submissione
846 2775 1050 2837 regnorum,
1079 2765 1115 2817 et
1139 2754 1251 2818 tercio
1275 2775 1323 2818 ex

334 2856 537 2921 testimonio
570 2859 757 2922 doctorum
790 2860 834 2921 de
867 2869 1047 2941 potestate
1080 2880 1174 2943 pape
1208 2861 1322 2923 absol·

335 2962 443 3025 vendi
467 2982 486 3024 a
508 2982 602 3045 pena
625 2971 661 3025 et
684 2983 703 3024 a
728 2965 833 3046 culpa
859 2964 1107 3028 scribencium.
1145 2963 1323 3046 Quantum

336 3065 380 3129 ad
403 3065 550 3148 primam
574 3075 711 3147 partem
735 3066 838 3129 huius
871 3067 1014 3151 argucie
1038 3068 1148 3132 debet
1168 3067 1368 3151 supponi25

139 3181 198 3226 This
212 3181 234 3224 i·
248 3189 300 3224 true
337 3172 435 3252 quod
466 3170 533 3233 iste
557 3191 651 3253 papa
673 3170 849 3235 intellexit
872 3192 939 3254 per
965 3182 1224 3236 sacrosanctam
1248 3171 1324 3235 Ro·

125 3233 320 3331 ⁰3¹io⁰ioioii³⁵⁹⁸
337 3294 472 3339 manem
516 3275 702 3338 ecclesiam
745 3297 816 3339 non
860 3276 1040 3340 basilicam
1082 3279 1140 3340 vel
1178 3277 1324 3341 mixtum

125 3339 192 3383 Peter
206 3337 250 3382 and
267 3337 321 3381 Paul
424 3378 431 3393 ,

337 3380 528 3461 putridum,
567 3381 632 3443 sed
670 3390 813 3443 sanctos
852 3380 997 3444 Petrum
1037 3390 1073 3444 et
1104 3382 1251 3444 Paulum
1289 3390 1326 3445 et

339 3491 480 3546 ceteros
504 3484 565 3565 qui
586 3484 872 3548 inhabitaverant
893 3485 989 3548 illum
1013 3488 1138 3550 locum.
1178 3486 1266 3548 ideo
1289 3486 1325 3548 in

339 3589 466 3651 eodem
490 3588 637 3651 decreto
661 3588 746 3652 dicit
774 3591 870 3673 quod
892 3591 1015 3655 Petrus
1029 3597 1060 3655 et
1075 3591 1207 3654 Paulus
1229 3595 1371 3654 crantao

338 3693 421 3755 socii
437 3693 472 3754 in
488 3693 570 3754 urbe
585 3691 756 3771 Romana,
778 3695 871 3757 unde
889 3694 1069 3778 signanter
1086 3695 1214 3758 dicitur
1229 3695 1326 3778 quod

339 3796 526 3879 primatum
543 3797 705 3861 obtinuit.
727 3799 849 3861 Debet
868 3799 1024 3881 supponi
1037 3799 1040 3884 l
1053 3800 1211 3862 secundo
1229 3801 1327 3883 quod
1357 3802 1421 3855 218*

170 3911 282 4019 :ggiffiaf
339 3901 496 3983 loquitur
524 3903 568 3964 de
596 3902 747 3983 primatu
774 3902 953 3967 hominum
982 3905 1100 3987 quoad
1124 3906 1251 3982 Deum,
1280 3924 1328 3966 ex

169 4015 281 4072 pomacy.
340 4005 499 4087 primicie
520 4005 689 4069 virtutum
714 4016 750 4070 et
774 4008 1015 4072 edificacionis
1036 4008 1187 4072 ecclesie
1205 4017 1241 4071 et
1256 4029 1328 4072 non

396 4221 427 4264 14.
444 4209 518 4254 Codd.
535 4211 558 4253 in
574 4222 660 4266 marp:
676 4210 813 4255 Potestatem
829 4224 894 4268 papa
908 4214 929 4256 sl
942 4214 1027 4257 intent
1040 4225 1056 4257 a
1070 4214 1171 4258 domino.

397 4350 435 4387 ιι.
454 4334 543 4386 Matth.
560 4336 651 4399 xxiv,
672 4337 715 4399 153
733 4338 806 4390 Dan.
826 4337 866 4401 lX,
887 4352 927 4404 ²7·
1003 4336 1041 4392 16.
1062 4339 1126 4405 Cap.
1149 4338 1178 4389 ll.
