<?xml version="1.0" encoding="UTF-8"?>
<!DOCTYPE html PUBLIC "-//W3C//DTD XHTML 1.0 Transitional//EN"
    "http://www.w3.org/TR/xhtml1/DTD/xhtml1-transitional.dtd">
<html xmlns="http://www.w3.org/1999/xhtml" xml:lang="en" lang="en">
 <head>
  <title>
</title>
<meta http-equiv="Content-Type" content="text/html;charset=utf-8" />
  <meta name='ocr-system' content='tesseract 3.04.00' />
  <meta name='ocr-capabilities' content='ocr_page ocr_carea ocr_par ocr_line ocrx_word'/>
</head>
<body>
  <div class='ocr_page' id='page_1' title='image "./johanniswyclift00mattgoog/johanniswyclift00mattgoog_0405.png"; bbox 0 0 3008 5026; ppageno 0'>
   <div class='ocr_carea' id='block_1_1' title="bbox 652 395 1314 476">
    <p class='ocr_par' dir='ltr' id='par_1_1' title="bbox 652 395 1314 476">
     <span class='ocr_line' id='line_1_1' title="bbox 652 395 1314 476; baseline -0.02 -14"><span class='ocrx_word' id='word_1_1' title='bbox 652 412 823 464; x_wconf 64' lang='lat' dir='ltr'><strong>soliturus</strong></span> <span class='ocrx_word' id='word_1_2' title='bbox 843 411 982 463; x_wconf 73' lang='lat' dir='ltr'><strong>wthlF</strong></span> <span class='ocrx_word' id='word_1_3' title='bbox 1163 395 1246 476; x_wconf 79' lang='lat' dir='ltr'><strong>[ene.</strong></span> <span class='ocrx_word' id='word_1_4' title='bbox 1265 407 1314 451; x_wconf 87' lang='lat' dir='ltr'><strong>xu.</strong></span> 
     </span>
    </p>
   </div>
   <div class='ocr_carea' id='block_1_2' title="bbox 107 568 1403 4205">
    <p class='ocr_par' dir='ltr' id='par_1_2' title="bbox 107 568 1403 4205">
     <span class='ocr_line' id='line_1_2' title="bbox 324 568 1316 653; baseline 0.001 -23"><span class='ocrx_word' id='word_1_5' title='bbox 324 587 391 650; x_wconf 93' lang='lat' dir='ltr'><strong>per</strong></span> <span class='ocrx_word' id='word_1_6' title='bbox 412 569 515 653; x_wconf 89' lang='lat' dir='ltr'><strong>leges</strong></span> <span class='ocrx_word' id='word_1_7' title='bbox 535 568 713 633; x_wconf 90' lang='lat' dir='ltr'><strong>hominum</strong></span> <span class='ocrx_word' id='word_1_8' title='bbox 738 568 978 651; x_wconf 89' lang='lat' dir='ltr'><strong>acquiruntur,</strong></span> <span class='ocrx_word' id='word_1_9' title='bbox 1009 577 1110 651; x_wconf 90' lang='lat' dir='ltr'><strong>patet</strong></span> <span class='ocrx_word' id='word_1_10' title='bbox 1133 570 1233 651; x_wconf 92' lang='lat' dir='ltr'><strong>quod</strong></span> <span class='ocrx_word' id='word_1_11' title='bbox 1255 569 1316 631; x_wconf 83' lang='lat' dir='ltr'><strong>lex</strong></span> 
     </span>
     <span class='ocr_line' id='line_1_3' title="bbox 323 672 1316 757; baseline -0.001 -21"><span class='ocrx_word' id='word_1_12' title='bbox 323 673 395 736; x_wconf 89' lang='lat' dir='ltr'><strong>Dei</strong></span> <span class='ocrx_word' id='word_1_13' title='bbox 409 672 581 737; x_wconf 91' lang='lat' dir='ltr'><strong>infinitum</strong></span> <span class='ocrx_word' id='word_1_14' title='bbox 592 674 737 740; x_wconf 86' lang='lat' dir='ltr'>excedit</span> <span class='ocrx_word' id='word_1_15' title='bbox 750 677 850 757; x_wconf 84' lang='lat' dir='ltr'><strong>leges</strong></span> <span class='ocrx_word' id='word_1_16' title='bbox 865 674 1063 752; x_wconf 71' lang='lat' dir='ltr'><strong>hominum,</strong></span> <span class='ocrx_word' id='word_1_17' title='bbox 1082 683 1119 737; x_wconf 90' lang='lat' dir='ltr'><strong>et</strong></span> <span class='ocrx_word' id='word_1_18' title='bbox 1129 693 1177 736; x_wconf 86' lang='lat' dir='ltr'><strong>ex</strong></span> <span class='ocrx_word' id='word_1_19' title='bbox 1188 674 1316 738; x_wconf 90' lang='lat' dir='ltr'><strong>eodem</strong></span> 
     </span>
     <span class='ocr_line' id='line_1_4' title="bbox 325 778 1317 862; baseline -0.003 -19"><span class='ocrx_word' id='word_1_20' title='bbox 325 779 486 861; x_wconf 87' lang='lat' dir='ltr'><strong>sequitur</strong></span> <span class='ocrx_word' id='word_1_21' title='bbox 519 781 613 862; x_wconf 91' lang='lat' dir='ltr'><strong>quod</strong></span> <span class='ocrx_word' id='word_1_22' title='bbox 645 778 691 843; x_wconf 90' lang='lat' dir='ltr'><strong>sit</strong></span> <span class='ocrx_word' id='word_1_23' title='bbox 722 779 896 843; x_wconf 91' lang='lat' dir='ltr'><strong>infinitum</strong></span> <span class='ocrx_word' id='word_1_24' title='bbox 927 779 1150 862; x_wconf 87' lang='lat' dir='ltr'><strong>prestancior</strong></span> <span class='ocrx_word' id='word_1_25' title='bbox 1174 779 1219 841; x_wconf 92' lang='lat' dir='ltr'><strong>ad</strong></span> <span class='ocrx_word' id='word_1_26' title='bbox 1242 780 1317 861; x_wconf 92' lang='lat' dir='ltr'><strong>pla·</strong></span> 
     </span>
     <span class='ocr_line' id='line_1_5' title="bbox 325 883 1318 967; baseline 0.001 -22"><span class='ocrx_word' id='word_1_27' title='bbox 325 884 475 946; x_wconf 91' lang='lat' dir='ltr'><strong>cendum</strong></span> <span class='ocrx_word' id='word_1_28' title='bbox 492 883 573 947; x_wconf 90' lang='lat' dir='ltr'><strong>Deo</strong></span> <span class='ocrx_word' id='word_1_29' title='bbox 598 893 635 947; x_wconf 90' lang='lat' dir='ltr'><strong>et</strong></span> <span class='ocrx_word' id='word_1_30' title='bbox 650 885 862 967; x_wconf 92' lang='lat' dir='ltr'><strong>paciendum</strong></span> <span class='ocrx_word' id='word_1_31' title='bbox 887 903 965 947; x_wconf 90' lang='lat' dir='ltr'><strong>cum</strong></span> <span class='ocrx_word' id='word_1_32' title='bbox 981 885 1129 966; x_wconf 93' lang='lat' dir='ltr'><strong>populo,</strong></span> <span class='ocrx_word' id='word_1_33' title='bbox 1153 902 1233 946; x_wconf 91' lang='lat' dir='ltr'><strong>nam</strong></span> <span class='ocrx_word' id='word_1_34' title='bbox 1250 903 1318 966; x_wconf 93' lang='lat' dir='ltr'><strong>per</strong></span> 
     </span>
     <span class='ocr_line' id='line_1_6' title="bbox 326 987 1342 1073; baseline -0.003 -24"><span class='ocrx_word' id='word_1_35' title='bbox 326 988 595 1052; x_wconf 88' lang='lat' dir='ltr'><strong>observanciam</strong></span> <span class='ocrx_word' id='word_1_36' title='bbox 619 988 712 1052; x_wconf 91' lang='lat' dir='ltr'><strong>illius</strong></span> <span class='ocrx_word' id='word_1_37' title='bbox 735 989 828 1073; x_wconf 85' lang='lat' dir='ltr'><strong>legis</strong></span> <span class='ocrx_word' id='word_1_38' title='bbox 846 997 882 1052; x_wconf 91' lang='lat' dir='ltr'><strong>et</strong></span> <span class='ocrx_word' id='word_1_39' title='bbox 898 1008 972 1052; x_wconf 91' lang='lat' dir='ltr'><strong>non</strong></span> <span class='ocrx_word' id='word_1_40' title='bbox 987 987 1089 1051; x_wconf 87' lang='lat' dir='ltr'><strong>aliter</strong></span> <span class='ocrx_word' id='word_1_41' title='bbox 1103 987 1342 1070; x_wconf 75' lang='lat' dir='ltr'><strong>placeretur,5</strong></span> 
     </span>
     <span class='ocr_line' id='line_1_7' title="bbox 326 1092 1316 1177; baseline 0.002 -23"><span class='ocrx_word' id='word_1_42' title='bbox 326 1101 362 1155; x_wconf 92' lang='lat' dir='ltr'><strong>et</strong></span> <span class='ocrx_word' id='word_1_43' title='bbox 384 1111 450 1174; x_wconf 89' lang='lat' dir='ltr'><strong>per</strong></span> <span class='ocrx_word' id='word_1_44' title='bbox 474 1113 701 1176; x_wconf 91' lang='lat' dir='ltr'><strong>consequens</strong></span> <span class='ocrx_word' id='word_1_45' title='bbox 721 1094 969 1177; x_wconf 89' lang='lat' dir='ltr'><strong>pacificaretur</strong></span> <span class='ocrx_word' id='word_1_46' title='bbox 991 1093 1098 1156; x_wconf 90' lang='lat' dir='ltr'><strong>homo</strong></span> <span class='ocrx_word' id='word_1_47' title='bbox 1122 1112 1203 1155; x_wconf 90' lang='lat' dir='ltr'><strong>cum</strong></span> <span class='ocrx_word' id='word_1_48' title='bbox 1218 1092 1316 1162; x_wconf 92' lang='lat' dir='ltr'><strong>Deo;</strong></span> 
     </span>
     <span class='ocr_line' id='line_1_8' title="bbox 325 1197 1318 1280; baseline 0.002 -22"><span class='ocrx_word' id='word_1_49' title='bbox 325 1197 390 1258; x_wconf 91' lang='lat' dir='ltr'><strong>sed</strong></span> <span class='ocrx_word' id='word_1_50' title='bbox 422 1205 525 1260; x_wconf 88' lang='lat' dir='ltr'><strong>nacta</strong></span> <span class='ocrx_word' id='word_1_51' title='bbox 553 1218 644 1280; x_wconf 91' lang='lat' dir='ltr'><strong>pace</strong></span> <span class='ocrx_word' id='word_1_52' title='bbox 679 1218 757 1262; x_wconf 92' lang='lat' dir='ltr'><strong>cum</strong></span> <span class='ocrx_word' id='word_1_53' title='bbox 780 1199 873 1274; x_wconf 93' lang='lat' dir='ltr'><strong>Deo,</strong></span> <span class='ocrx_word' id='word_1_54' title='bbox 906 1197 1099 1280; x_wconf 90' lang='lat' dir='ltr'><strong>acquiritur</strong></span> <span class='ocrx_word' id='word_1_55' title='bbox 1130 1217 1205 1279; x_wconf 83' lang='lat' dir='ltr'><strong>pax</strong></span> <span class='ocrx_word' id='word_1_56' title='bbox 1236 1216 1318 1260; x_wconf 91' lang='lat' dir='ltr'><strong>cum</strong></span> 
     </span>
     <span class='ocr_line' id='line_1_9' title="bbox 325 1300 1319 1385; baseline 0.001 -22"><span class='ocrx_word' id='word_1_57' title='bbox 325 1300 485 1382; x_wconf 91' lang='lat' dir='ltr'><strong>qualibet</strong></span> <span class='ocrx_word' id='word_1_58' title='bbox 508 1312 677 1367; x_wconf 88' lang='lat' dir='ltr'><strong>creatura.</strong></span> <span class='ocrx_word' id='word_1_59' title='bbox 715 1301 905 1384; x_wconf 86' lang='lat' dir='ltr'>Quomodo</span> <span class='ocrx_word' id='word_1_60' title='bbox 929 1322 1030 1385; x_wconf 85' lang='lat' dir='ltr'><strong>rogo,</strong></span> <span class='ocrx_word' id='word_1_61' title='bbox 1053 1321 1126 1364; x_wconf 91' lang='lat' dir='ltr'><strong>non</strong></span> <span class='ocrx_word' id='word_1_62' title='bbox 1149 1301 1319 1365; x_wconf 82' lang='lat' dir='ltr'>obediret</span> 
     </span>
     <span class='ocr_line' id='line_1_10' title="bbox 326 1405 1320 1490; baseline 0.002 -23"><span class='ocrx_word' id='word_1_63' title='bbox 326 1413 363 1468; x_wconf 92' lang='lat' dir='ltr'><strong>et</strong></span> <span class='ocrx_word' id='word_1_64' title='bbox 377 1407 572 1489; x_wconf 88' lang='lat' dir='ltr'><strong>proficeret</strong></span> <span class='ocrx_word' id='word_1_65' title='bbox 587 1408 749 1490; x_wconf 82' lang='lat' dir='ltr'><strong>quelibet</strong></span> <span class='ocrx_word' id='word_1_66' title='bbox 766 1415 928 1472; x_wconf 87' lang='lat' dir='ltr'><strong>creatura</strong></span> <span class='ocrx_word' id='word_1_67' title='bbox 942 1406 1084 1485; x_wconf 90' lang='lat' dir='ltr'><strong>homini,</strong></span> <span class='ocrx_word' id='word_1_68' title='bbox 1101 1405 1158 1470; x_wconf 91' lang='lat' dir='ltr'><strong>cui</strong></span> <span class='ocrx_word' id='word_1_69' title='bbox 1174 1405 1320 1470; x_wconf 85' lang='lat' dir='ltr'><strong>videret</strong></span> 
     </span>
     <span class='ocr_line' id='line_1_11' title="bbox 323 1509 1362 1596; baseline -0.006 -24"><span class='ocrx_word' id='word_1_70' title='bbox 323 1509 441 1573; x_wconf 90' lang='lat' dir='ltr'><strong>Deum</strong></span> <span class='ocrx_word' id='word_1_71' title='bbox 479 1530 579 1575; x_wconf 92' lang='lat' dir='ltr'><strong>suum</strong></span> <span class='ocrx_word' id='word_1_72' title='bbox 628 1512 860 1577; x_wconf 85' lang='lat' dir='ltr'><strong>amicabiliter</strong></span> <span class='ocrx_word' id='word_1_73' title='bbox 893 1511 1051 1587; x_wconf 91' lang='lat' dir='ltr'><strong>obedire,</strong></span> <span class='ocrx_word' id='word_1_74' title='bbox 1106 1509 1216 1596; x_wconf 90' lang='lat' dir='ltr'><strong>igitur</strong></span> <span class='ocrx_word' id='word_1_75' title='bbox 1249 1509 1320 1574; x_wconf 84' lang='lat' dir='ltr'><strong>etsi</strong></span> <span class='ocrx_word' id='word_1_76' title='bbox 1333 1533 1362 1568; x_wconf 81' lang='grc' dir='ltr'><strong>ιο</strong></span> 
     </span>
     <span class='ocr_line' id='line_1_12' title="bbox 323 1613 1403 1700; baseline -0.004 -22"><span class='ocrx_word' id='word_1_77' title='bbox 323 1618 481 1679; x_wconf 90' lang='lat' dir='ltr'><strong>membra</strong></span> <span class='ocrx_word' id='word_1_78' title='bbox 500 1613 504 1698; x_wconf 87' lang='grc' dir='ltr'>Ι</span> <span class='ocrx_word' id='word_1_79' title='bbox 526 1617 671 1700; x_wconf 82' lang='lat' dir='ltr'><strong>dyaboli</strong></span> <span class='ocrx_word' id='word_1_80' title='bbox 690 1618 862 1681; x_wconf 89' lang='lat' dir='ltr'><strong>tribulant</strong></span> <span class='ocrx_word' id='word_1_81' title='bbox 882 1616 1013 1679; x_wconf 91' lang='lat' dir='ltr'><strong>amicos</strong></span> <span class='ocrx_word' id='word_1_82' title='bbox 1034 1614 1174 1693; x_wconf 83' lang='lat' dir='ltr'><strong>Christi,</strong></span> <span class='ocrx_word' id='word_1_83' title='bbox 1197 1623 1319 1679; x_wconf 82' lang='lat' dir='ltr'><strong>tamen</strong></span> <span class='ocrx_word' id='word_1_84' title='bbox 1348 1619 1403 1686; x_wconf 79' lang='lat'><strong>²45¹</strong></span> 
     </span>
     <span class='ocr_line' id='line_1_13' title="bbox 324 1717 1319 1804; baseline -0.002 -20"><span class='ocrx_word' id='word_1_85' title='bbox 324 1729 477 1804; x_wconf 85' lang='lat' dir='ltr'><strong>prosunt</strong></span> <span class='ocrx_word' id='word_1_86' title='bbox 498 1720 576 1800; x_wconf 87' lang='lat' dir='ltr'><strong>illis,</strong></span> <span class='ocrx_word' id='word_1_87' title='bbox 600 1729 639 1783; x_wconf 91' lang='lat' dir='ltr'><strong>ut</strong></span> <span class='ocrx_word' id='word_1_88' title='bbox 662 1720 918 1785; x_wconf 83' lang='lat' dir='ltr'><strong>obedienciarii</strong></span> <span class='ocrx_word' id='word_1_89' title='bbox 942 1728 978 1783; x_wconf 91' lang='lat' dir='ltr'><strong>et</strong></span> <span class='ocrx_word' id='word_1_90' title='bbox 1001 1717 1117 1798; x_wconf 87' lang='lat' dir='ltr'><strong>amici;</strong></span> <span class='ocrx_word' id='word_1_91' title='bbox 1146 1719 1199 1782; x_wconf 91' lang='lat' dir='ltr'><strong>sic</strong></span> <span class='ocrx_word' id='word_1_92' title='bbox 1223 1719 1319 1783; x_wconf 89' lang='lat' dir='ltr'><strong>enim</strong></span> 
     </span>
     <span class='ocr_line' id='line_1_14' title="bbox 325 1822 1318 1906; baseline -0.004 -16"><span class='ocrx_word' id='word_1_93' title='bbox 325 1823 487 1890; x_wconf 87' lang='lat' dir='ltr'><strong>Scarioth</strong></span> <span class='ocrx_word' id='word_1_94' title='bbox 510 1825 574 1889; x_wconf 85' lang='lat' dir='ltr'><strong>suit</strong></span> <span class='ocrx_word' id='word_1_95' title='bbox 596 1826 729 1889; x_wconf 89' lang='lat' dir='ltr'><strong>amicus</strong></span> <span class='ocrx_word' id='word_1_96' title='bbox 745 1825 897 1903; x_wconf 88' lang='lat' dir='ltr'><strong>Christo,</strong></span> <span class='ocrx_word' id='word_1_97' title='bbox 921 1825 997 1904; x_wconf 90' lang='lat' dir='ltr'><strong>Joh.</strong></span> <span class='ocrx_word' id='word_1_98' title='bbox 1013 1822 1154 1906; x_wconf 88' lang='lat' dir='ltr'><strong>XVIII,</strong></span> <span class='ocrx_word' id='word_1_99' title='bbox 1179 1833 1216 1887; x_wconf 95' lang='lat' dir='ltr'><strong>et</strong></span> <span class='ocrx_word' id='word_1_100' title='bbox 1236 1843 1318 1906; x_wconf 92' lang='lat' dir='ltr'><strong>pro-</strong></span> 
     </span>
     <span class='ocr_line' id='line_1_15' title="bbox 326 1926 1197 2012; baseline 0 -19"><span class='ocrx_word' id='word_1_101' title='bbox 326 1931 461 1993; x_wconf 88' lang='lat' dir='ltr'><strong>curavit</strong></span> <span class='ocrx_word' id='word_1_102' title='bbox 483 1931 567 1994; x_wconf 91' lang='lat' dir='ltr'><strong>licet</strong></span> <span class='ocrx_word' id='word_1_103' title='bbox 589 1931 701 1994; x_wconf 89' lang='lat' dir='ltr'><strong>invite</strong></span> <span class='ocrx_word' id='word_1_104' title='bbox 724 1929 886 1994; x_wconf 86' lang='lat' dir='ltr'><strong>serviens</strong></span> <span class='ocrx_word' id='word_1_105' title='bbox 908 1947 1033 2012; x_wconf 89' lang='lat' dir='ltr'><strong>pacem</strong></span> <span class='ocrx_word' id='word_1_106' title='bbox 1058 1926 1197 1993; x_wconf 87' lang='lat' dir='ltr'><strong>Christi.</strong></span> 
     </span>
     <span class='ocr_line' id='line_1_16' title="bbox 129 2031 1360 2137; baseline -0.001 -40"><span class='ocrx_word' id='word_1_107' title='bbox 129 2040 294 2137; x_wconf 54' lang='lat' dir='ltr'><strong>{Effffi&#39;lssssss‘d</strong></span> <span class='ocrx_word' id='word_1_108' title='bbox 369 2035 471 2113; x_wconf 83' lang='lat' dir='ltr'><strong>Item,</strong></span> <span class='ocrx_word' id='word_1_109' title='bbox 502 2036 563 2098; x_wconf 84' lang='lat' dir='ltr'><strong>lex</strong></span> <span class='ocrx_word' id='word_1_110' title='bbox 596 2034 728 2099; x_wconf 79' lang='lat' dir='ltr'><strong>Christi</strong></span> <span class='ocrx_word' id='word_1_111' title='bbox 759 2055 826 2118; x_wconf 91' lang='lat' dir='ltr'><strong>per</strong></span> <span class='ocrx_word' id='word_1_112' title='bbox 858 2054 898 2098; x_wconf 89' lang='lat' dir='ltr'><strong>se</strong></span> <span class='ocrx_word' id='word_1_113' title='bbox 930 2035 1099 2117; x_wconf 83' lang='lat' dir='ltr'><strong>gigneret</strong></span> <span class='ocrx_word' id='word_1_114' title='bbox 1131 2031 1318 2115; x_wconf 89' lang='lat' dir='ltr'><strong>copiosius</strong></span> <span class='ocrx_word' id='word_1_115' title='bbox 1333 2045 1360 2096; x_wconf 73' lang='lat'><strong>15</strong></span> 
     </span>
     <span class='ocr_line' id='line_1_17' title="bbox 158 2137 1320 2254; baseline -0.003 -52"><span class='ocrx_word' id='word_1_116' title='bbox 158 2157 249 2254; x_wconf 43' lang='lat' dir='ltr'><strong>effigit&amp;</strong></span> <span class='ocrx_word' id='word_1_117' title='bbox 327 2137 507 2203; x_wconf 87' lang='lat' dir='ltr'><strong>caritatem</strong></span> <span class='ocrx_word' id='word_1_118' title='bbox 538 2139 574 2202; x_wconf 92' lang='lat' dir='ltr'><strong>in</strong></span> <span class='ocrx_word' id='word_1_119' title='bbox 606 2141 743 2223; x_wconf 91' lang='lat' dir='ltr'><strong>populo</strong></span> <span class='ocrx_word' id='word_1_120' title='bbox 776 2159 881 2222; x_wconf 91' lang='lat' dir='ltr'><strong>quam</strong></span> <span class='ocrx_word' id='word_1_121' title='bbox 909 2139 1012 2224; x_wconf 88' lang='lat' dir='ltr'><strong>leges</strong></span> <span class='ocrx_word' id='word_1_122' title='bbox 1043 2137 1223 2202; x_wconf 89' lang='lat' dir='ltr'><strong>hominurn</strong></span> <span class='ocrx_word' id='word_1_123' title='bbox 1251 2156 1320 2220; x_wconf 93' lang='lat' dir='ltr'><strong>per</strong></span> 
     </span>
     <span class='ocr_line' id='line_1_18' title="bbox 251 2229 1318 2327; baseline 0 -21"><span class='ocrx_word' id='word_1_124' title='bbox 251 2229 257 2252; x_wconf 84' lang='lat'><em>&#39;</em></span> <span class='ocrx_word' id='word_1_125' title='bbox 326 2262 365 2306; x_wconf 91' lang='lat' dir='ltr'><strong>se</strong></span> <span class='ocrx_word' id='word_1_126' title='bbox 389 2244 448 2307; x_wconf 91' lang='lat' dir='ltr'><strong>vel</strong></span> <span class='ocrx_word' id='word_1_127' title='bbox 472 2244 664 2308; x_wconf 89' lang='lat' dir='ltr'><strong>commixte</strong></span> <span class='ocrx_word' id='word_1_128' title='bbox 687 2245 761 2327; x_wconf 91' lang='lat' dir='ltr'><strong>legi</strong></span> <span class='ocrx_word' id='word_1_129' title='bbox 776 2243 930 2308; x_wconf 92' lang='lat' dir='ltr'><strong>Domini.</strong></span> <span class='ocrx_word' id='word_1_130' title='bbox 953 2242 999 2305; x_wconf 91' lang='lat' dir='ltr'><strong>Et</strong></span> <span class='ocrx_word' id='word_1_131' title='bbox 1015 2252 1116 2326; x_wconf 91' lang='lat' dir='ltr'><strong>patet</strong></span> <span class='ocrx_word' id='word_1_132' title='bbox 1132 2240 1318 2306; x_wconf 90' lang='lat' dir='ltr'><strong>conclusio</strong></span> 
     </span>
     <span class='ocr_line' id='line_1_19' title="bbox 326 2347 1317 2432; baseline -0.003 -21"><span class='ocrx_word' id='word_1_133' title='bbox 326 2347 521 2412; x_wconf 83' lang='lat' dir='ltr'><strong>corollaria.</strong></span> <span class='ocrx_word' id='word_1_134' title='bbox 559 2351 793 2432; x_wconf 89' lang='lat' dir='ltr'><strong>Assumptum</strong></span> <span class='ocrx_word' id='word_1_135' title='bbox 822 2357 924 2432; x_wconf 91' lang='lat' dir='ltr'><strong>patet</strong></span> <span class='ocrx_word' id='word_1_136' title='bbox 952 2368 999 2411; x_wconf 83' lang='lat' dir='ltr'><strong>ex</strong></span> <span class='ocrx_word' id='word_1_137' title='bbox 1026 2349 1104 2425; x_wconf 93' lang='lat' dir='ltr'><strong>hoc,</strong></span> <span class='ocrx_word' id='word_1_138' title='bbox 1133 2347 1232 2430; x_wconf 89' lang='lat' dir='ltr'><strong>quod</strong></span> <span class='ocrx_word' id='word_1_139' title='bbox 1254 2348 1317 2410; x_wconf 89' lang='lat' dir='ltr'><strong>lex</strong></span> 
     </span>
     <span class='ocr_line' id='line_1_20' title="bbox 323 2452 1317 2536; baseline 0 -21"><span class='ocrx_word' id='word_1_140' title='bbox 323 2452 468 2516; x_wconf 89' lang='lat' dir='ltr'><strong>Domini</strong></span> <span class='ocrx_word' id='word_1_141' title='bbox 492 2453 647 2536; x_wconf 87' lang='lat' dir='ltr'><strong>precipit</strong></span> <span class='ocrx_word' id='word_1_142' title='bbox 670 2455 788 2536; x_wconf 90' lang='lat' dir='ltr'><strong>quoad</strong></span> <span class='ocrx_word' id='word_1_143' title='bbox 810 2455 907 2516; x_wconf 92' lang='lat' dir='ltr'><strong>bona</strong></span> <span class='ocrx_word' id='word_1_144' title='bbox 929 2459 1052 2516; x_wconf 89' lang='lat' dir='ltr'><strong>nature</strong></span> <span class='ocrx_word' id='word_1_145' title='bbox 1073 2453 1215 2534; x_wconf 79' lang='lat' dir='ltr'><strong>prebere</strong></span> <span class='ocrx_word' id='word_1_146' title='bbox 1234 2471 1317 2533; x_wconf 81' lang='lat' dir='ltr'><strong>per-</strong></span> 
     </span>
     <span class='ocr_line' id='line_1_21' title="bbox 324 2555 1360 2641; baseline -0.008 -19"><span class='ocrx_word' id='word_1_147' title='bbox 324 2559 465 2622; x_wconf 72' lang='lat' dir='ltr'><strong>metenti</strong></span> <span class='ocrx_word' id='word_1_148' title='bbox 480 2560 661 2623; x_wconf 82' lang='lat' dir='ltr'><strong>maxillam</strong></span> <span class='ocrx_word' id='word_1_149' title='bbox 671 2560 863 2641; x_wconf 81' lang='lat' dir='ltr'><strong>sinistram,</strong></span> <span class='ocrx_word' id='word_1_150' title='bbox 880 2557 1002 2621; x_wconf 91' lang='lat' dir='ltr'><strong>Matth.</strong></span> <span class='ocrx_word' id='word_1_151' title='bbox 1013 2555 1047 2616; x_wconf 96' lang='lat' dir='ltr'>V</span> <span class='ocrx_word' id='word_1_152' title='bbox 1058 2578 1108 2638; x_wconf 82' lang='lat'><strong>39,</strong></span> <span class='ocrx_word' id='word_1_153' title='bbox 1125 2577 1177 2635; x_wconf 89' lang='lat'><strong>40,</strong></span> <span class='ocrx_word' id='word_1_154' title='bbox 1194 2556 1318 2638; x_wconf 90' lang='lat' dir='ltr'><strong>quoad</strong></span> <span class='ocrx_word' id='word_1_155' title='bbox 1329 2580 1360 2615; x_wconf 66' lang='grc' dir='ltr'><strong>ιο</strong></span> 
     </span>
     <span class='ocr_line' id='line_1_22' title="bbox 323 2661 1317 2743; baseline -0.001 -18"><span class='ocrx_word' id='word_1_156' title='bbox 323 2664 418 2725; x_wconf 90' lang='lat' dir='ltr'><strong>bona</strong></span> <span class='ocrx_word' id='word_1_157' title='bbox 449 2662 591 2726; x_wconf 86' lang='lat' dir='ltr'><strong>fortune</strong></span> <span class='ocrx_word' id='word_1_158' title='bbox 628 2662 764 2726; x_wconf 91' lang='lat' dir='ltr'><strong>volenti</strong></span> <span class='ocrx_word' id='word_1_159' title='bbox 795 2662 938 2743; x_wconf 86' lang='lat' dir='ltr'><strong>auferre</strong></span> <span class='ocrx_word' id='word_1_160' title='bbox 970 2662 1125 2725; x_wconf 84' lang='lat' dir='ltr'><strong>tunicam</strong></span> <span class='ocrx_word' id='word_1_161' title='bbox 1157 2661 1246 2724; x_wconf 82' lang='lat' dir='ltr'><strong>dare</strong></span> <span class='ocrx_word' id='word_1_162' title='bbox 1286 2666 1317 2724; x_wconf 89' lang='lat' dir='ltr'><strong>et</strong></span> 
     </span>
     <span class='ocr_line' id='line_1_23' title="bbox 321 2766 1318 2850; baseline -0.002 -20"><span class='ocrx_word' id='word_1_163' title='bbox 321 2769 480 2848; x_wconf 84' lang='lat' dir='ltr'><strong>pallium,</strong></span> <span class='ocrx_word' id='word_1_164' title='bbox 504 2785 588 2850; x_wconf 85' lang='lat' dir='ltr'><strong>ymo</strong></span> <span class='ocrx_word' id='word_1_165' title='bbox 611 2769 735 2831; x_wconf 84' lang='lat' dir='ltr'><strong>volenti</strong></span> <span class='ocrx_word' id='word_1_166' title='bbox 756 2773 866 2831; x_wconf 86' lang='lat' dir='ltr'><strong>tecum</strong></span> <span class='ocrx_word' id='word_1_167' title='bbox 899 2769 936 2830; x_wconf 85' lang='lat' dir='ltr'><strong>in</strong></span> <span class='ocrx_word' id='word_1_168' title='bbox 967 2766 1094 2830; x_wconf 82' lang='lat' dir='ltr'><strong>indicio</strong></span> <span class='ocrx_word' id='word_1_169' title='bbox 1117 2766 1318 2830; x_wconf 79' lang='lat' dir='ltr'><strong>contendere</strong></span> 
     </span>
     <span class='ocr_line' id='line_1_24' title="bbox 324 2868 1317 2951; baseline -0.004 -16"><span class='ocrx_word' id='word_1_170' title='bbox 324 2876 354 2935; x_wconf 91' lang='lat' dir='ltr'><strong>et</strong></span> <span class='ocrx_word' id='word_1_171' title='bbox 369 2873 522 2935; x_wconf 84' lang='lat' dir='ltr'><strong>tunicam</strong></span> <span class='ocrx_word' id='word_1_172' title='bbox 537 2873 653 2935; x_wconf 86' lang='lat' dir='ltr'><strong>tollere</strong></span> <span class='ocrx_word' id='word_1_173' title='bbox 669 2872 753 2934; x_wconf 86' lang='lat' dir='ltr'><strong>dare</strong></span> <span class='ocrx_word' id='word_1_174' title='bbox 774 2871 947 2943; x_wconf 89' lang='lat' dir='ltr'><strong>debitum;</strong></span> <span class='ocrx_word' id='word_1_175' title='bbox 969 2870 1064 2934; x_wconf 91' lang='lat' dir='ltr'><strong>unde</strong></span> <span class='ocrx_word' id='word_1_176' title='bbox 1079 2870 1177 2933; x_wconf 93' lang='lat' dir='ltr'><strong>Luce</strong></span> <span class='ocrx_word' id='word_1_177' title='bbox 1193 2868 1258 2951; x_wconf 91' lang='lat' dir='ltr'><strong>VI,</strong></span> <span class='ocrx_word' id='word_1_178' title='bbox 1274 2889 1317 2950; x_wconf 81' lang='lat'><strong>30</strong></span> 
     </span>
     <span class='ocr_line' id='line_1_25' title="bbox 323 2973 1318 3057; baseline 0.001 -20"><span class='ocrx_word' id='word_1_179' title='bbox 323 2974 466 3039; x_wconf 89' lang='lat' dir='ltr'><strong>dicitur:</strong></span> <span class='ocrx_word' id='word_1_180' title='bbox 503 2975 569 3057; x_wconf 83' lang='lat' dir='ltr'><strong>Qni</strong></span> <span class='ocrx_word' id='word_1_181' title='bbox 597 2976 712 3057; x_wconf 82' lang='lat' dir='ltr'><strong>aufert</strong></span> <span class='ocrx_word' id='word_1_182' title='bbox 743 2995 805 3057; x_wconf 86' lang='lat' dir='ltr'><strong>qne</strong></span> <span class='ocrx_word' id='word_1_183' title='bbox 831 2982 893 3040; x_wconf 84' lang='lat' dir='ltr'><strong>tua</strong></span> <span class='ocrx_word' id='word_1_184' title='bbox 919 2980 998 3039; x_wconf 87' lang='lat' dir='ltr'><strong>sunt</strong></span> <span class='ocrx_word' id='word_1_185' title='bbox 1025 2994 1067 3039; x_wconf 84' lang='lat' dir='ltr'><strong>ne</strong></span> <span class='ocrx_word' id='word_1_186' title='bbox 1093 2980 1237 3057; x_wconf 82' lang='lat' dir='ltr'><strong>repetas,</strong></span> <span class='ocrx_word' id='word_1_187' title='bbox 1269 2973 1318 3038; x_wconf 90' lang='lat' dir='ltr'><strong>Et</strong></span> 
     </span>
     <span class='ocr_line' id='line_1_26' title="bbox 322 3079 1358 3164; baseline -0.002 -22"><span class='ocrx_word' id='word_1_188' title='bbox 322 3079 390 3143; x_wconf 90' lang='lat' dir='ltr'><strong>ista</strong></span> <span class='ocrx_word' id='word_1_189' title='bbox 413 3079 547 3163; x_wconf 87' lang='lat' dir='ltr'><strong>triplex</strong></span> <span class='ocrx_word' id='word_1_190' title='bbox 579 3080 762 3164; x_wconf 87' lang='lat' dir='ltr'><strong>paciencia</strong></span> <span class='ocrx_word' id='word_1_191' title='bbox 792 3101 860 3164; x_wconf 91' lang='lat' dir='ltr'><strong>per</strong></span> <span class='ocrx_word' id='word_1_192' title='bbox 891 3100 930 3143; x_wconf 89' lang='lat' dir='ltr'><strong>se</strong></span> <span class='ocrx_word' id='word_1_193' title='bbox 961 3081 1149 3144; x_wconf 90' lang='lat' dir='ltr'><strong>induceret</strong></span> <span class='ocrx_word' id='word_1_194' title='bbox 1171 3081 1358 3163; x_wconf 80' lang='lat' dir='ltr'><strong>plenam25</strong></span> 
     </span>
     <span class='ocr_line' id='line_1_27' title="bbox 323 3185 960 3269; baseline 0.006 -23"><span class='ocrx_word' id='word_1_195' title='bbox 323 3203 460 3266; x_wconf 91' lang='lat' dir='ltr'><strong>pacem,</strong></span> <span class='ocrx_word' id='word_1_196' title='bbox 484 3186 731 3269; x_wconf 89' lang='lat' dir='ltr'><strong>extinguendo</strong></span> <span class='ocrx_word' id='word_1_197' title='bbox 756 3185 960 3250; x_wconf 77' lang='lat' dir='ltr'><strong>discordiae.</strong></span> 
     </span>
     <span class='ocr_line' id='line_1_28' title="bbox 107 3287 1317 3371; baseline 0.001 -21"><span class='ocrx_word' id='word_1_198' title='bbox 107 3305 218 3368; x_wconf 74' lang='lat' dir='ltr'><strong>anucqu</strong></span> <span class='ocrx_word' id='word_1_199' title='bbox 233 3306 313 3350; x_wconf 78' lang='lat' dir='ltr'><strong>would</strong></span> <span class='ocrx_word' id='word_1_200' title='bbox 368 3290 441 3351; x_wconf 89' lang='lat' dir='ltr'><strong>Nee</strong></span> <span class='ocrx_word' id='word_1_201' title='bbox 465 3290 561 3352; x_wconf 90' lang='lat' dir='ltr'><strong>valet</strong></span> <span class='ocrx_word' id='word_1_202' title='bbox 587 3289 739 3353; x_wconf 88' lang='lat' dir='ltr'><strong>infidelis</strong></span> <span class='ocrx_word' id='word_1_203' title='bbox 763 3289 934 3370; x_wconf 91' lang='lat' dir='ltr'><strong>obiectus,</strong></span> <span class='ocrx_word' id='word_1_204' title='bbox 964 3308 1037 3371; x_wconf 94' lang='lat' dir='ltr'><strong>quo</strong></span> <span class='ocrx_word' id='word_1_205' title='bbox 1066 3287 1194 3352; x_wconf 89' lang='lat' dir='ltr'><strong>dicitur</strong></span> <span class='ocrx_word' id='word_1_206' title='bbox 1216 3289 1317 3369; x_wconf 93' lang='lat' dir='ltr'><strong>quod</strong></span> 
     </span>
     <span class='ocr_line' id='line_1_29' title="bbox 134 3360 1316 3476; baseline 0 -23"><span class='ocrx_word' id='word_1_207' title='bbox 134 3360 281 3464; x_wconf 54' lang='lat' dir='ltr'><strong>&#39;’‘iiii‘cefm</strong></span> <span class='ocrx_word' id='word_1_208' title='bbox 324 3402 409 3454; x_wconf 92' lang='lat' dir='ltr'><strong>tunc</strong></span> <span class='ocrx_word' id='word_1_209' title='bbox 433 3393 706 3475; x_wconf 85' lang='lat' dir='ltr'><strong>extingueretur</strong></span> <span class='ocrx_word' id='word_1_210' title='bbox 730 3395 1027 3476; x_wconf 89' lang='lat' dir='ltr'><strong>complementum</strong></span> <span class='ocrx_word' id='word_1_211' title='bbox 1050 3391 1201 3471; x_wconf 90' lang='lat' dir='ltr'><strong>iusticie,</strong></span> <span class='ocrx_word' id='word_1_212' title='bbox 1229 3391 1316 3474; x_wconf 91' lang='lat' dir='ltr'><strong>quia</strong></span> 
     </span>
     <span class='ocr_line' id='line_1_30' title="bbox 323 3497 1315 3580; baseline -0.001 -20"><span class='ocrx_word' id='word_1_213' title='bbox 323 3497 425 3561; x_wconf 90' lang='lat' dir='ltr'><strong>Deus</strong></span> <span class='ocrx_word' id='word_1_214' title='bbox 457 3498 553 3561; x_wconf 85' lang='lat' dir='ltr'><strong>foret</strong></span> <span class='ocrx_word' id='word_1_215' title='bbox 590 3498 826 3562; x_wconf 89' lang='lat' dir='ltr'><strong>necessitatus</strong></span> <span class='ocrx_word' id='word_1_216' title='bbox 865 3499 909 3561; x_wconf 92' lang='lat' dir='ltr'><strong>ad</strong></span> <span class='ocrx_word' id='word_1_217' title='bbox 947 3497 1209 3580; x_wconf 85' lang='lat' dir='ltr'><strong>providendum</strong></span> <span class='ocrx_word' id='word_1_218' title='bbox 1249 3516 1315 3559; x_wconf 92' lang='lat' dir='ltr'><strong>sue</strong></span> 
     </span>
     <span class='ocr_line' id='line_1_31' title="bbox 324 3601 1359 3686; baseline -0.005 -22"><span class='ocrx_word' id='word_1_219' title='bbox 324 3602 477 3665; x_wconf 90' lang='lat' dir='ltr'><strong>ecclesie</strong></span> <span class='ocrx_word' id='word_1_220' title='bbox 511 3623 558 3665; x_wconf 84' lang='lat' dir='ltr'><strong>ex</strong></span> <span class='ocrx_word' id='word_1_221' title='bbox 589 3603 671 3666; x_wconf 90' lang='lat' dir='ltr'><strong>hinc</strong></span> <span class='ocrx_word' id='word_1_222' title='bbox 696 3605 739 3666; x_wconf 88' lang='lat' dir='ltr'><strong>ad</strong></span> <span class='ocrx_word' id='word_1_223' title='bbox 761 3603 897 3682; x_wconf 89' lang='lat' dir='ltr'><strong>melius,</strong></span> <span class='ocrx_word' id='word_1_224' title='bbox 930 3623 1014 3686; x_wconf 89' lang='lat' dir='ltr'><strong>ymo</strong></span> <span class='ocrx_word' id='word_1_225' title='bbox 1048 3601 1100 3665; x_wconf 83' lang='lat' dir='ltr'><strong>sic</strong></span> <span class='ocrx_word' id='word_1_226' title='bbox 1124 3601 1317 3665; x_wconf 88' lang='lat' dir='ltr'><strong>accederet</strong></span> <span class='ocrx_word' id='word_1_227' title='bbox 1327 3612 1359 3662; x_wconf 83' lang='lat'><strong>30</strong></span> 
     </span>
     <span class='ocr_line' id='line_1_32' title="bbox 324 3704 1314 3789; baseline 0.001 -21"><span class='ocrx_word' id='word_1_228' title='bbox 324 3707 368 3768; x_wconf 93' lang='lat' dir='ltr'><strong>ad</strong></span> <span class='ocrx_word' id='word_1_229' title='bbox 391 3715 521 3770; x_wconf 88' lang='lat' dir='ltr'><strong>statum</strong></span> <span class='ocrx_word' id='word_1_230' title='bbox 545 3706 864 3789; x_wconf 89' lang='lat' dir='ltr'><strong>exproprietarium</strong></span> <span class='ocrx_word' id='word_1_231' title='bbox 886 3707 968 3789; x_wconf 90' lang='lat' dir='ltr'><strong>plus</strong></span> <span class='ocrx_word' id='word_1_232' title='bbox 991 3706 1199 3789; x_wconf 88' lang='lat' dir='ltr'><strong>perfectum.</strong></span> <span class='ocrx_word' id='word_1_233' title='bbox 1222 3704 1314 3769; x_wconf 92' lang='lat' dir='ltr'><strong>Ideo</strong></span> 
     </span>
     <span class='ocr_line' id='line_1_33' title="bbox 322 3808 1315 3893; baseline 0.001 -21"><span class='ocrx_word' id='word_1_234' title='bbox 322 3808 417 3872; x_wconf 91' lang='lat' dir='ltr'><strong>idem</strong></span> <span class='ocrx_word' id='word_1_235' title='bbox 439 3809 534 3874; x_wconf 89' lang='lat' dir='ltr'><strong>foret</strong></span> <span class='ocrx_word' id='word_1_236' title='bbox 556 3812 608 3874; x_wconf 89' lang='lat' dir='ltr'><strong>sic</strong></span> <span class='ocrx_word' id='word_1_237' title='bbox 631 3811 751 3874; x_wconf 90' lang='lat' dir='ltr'><strong>dicere</strong></span> <span class='ocrx_word' id='word_1_238' title='bbox 775 3820 812 3875; x_wconf 92' lang='lat' dir='ltr'><strong>et</strong></span> <span class='ocrx_word' id='word_1_239' title='bbox 834 3811 1006 3874; x_wconf 85' lang='lat' dir='ltr'><strong>blasfeme</strong></span> <span class='ocrx_word' id='word_1_240' title='bbox 1028 3810 1215 3893; x_wconf 90' lang='lat' dir='ltr'><strong>imponere</strong></span> <span class='ocrx_word' id='word_1_241' title='bbox 1230 3810 1315 3873; x_wconf 93' lang='lat' dir='ltr'><strong>Deo</strong></span> 
     </span>
     <span class='ocr_line' id='line_1_34' title="bbox 322 3913 1318 3998; baseline 0 -22"><span class='ocrx_word' id='word_1_242' title='bbox 322 3913 574 3995; x_wconf 90' lang='lat' dir='ltr'><strong>inpotenciam,</strong></span> <span class='ocrx_word' id='word_1_243' title='bbox 606 3915 867 3998; x_wconf 82' lang='lat' dir='ltr'><strong>negligenciam</strong></span> <span class='ocrx_word' id='word_1_244' title='bbox 893 3915 969 3980; x_wconf 89' lang='lat' dir='ltr'><strong>sive</strong></span> <span class='ocrx_word' id='word_1_245' title='bbox 994 3915 1171 3991; x_wconf 85' lang='lat' dir='ltr'><strong>invidiam,</strong></span> <span class='ocrx_word' id='word_1_246' title='bbox 1196 3921 1234 3977; x_wconf 91' lang='lat' dir='ltr'><strong>et</strong></span> <span class='ocrx_word' id='word_1_247' title='bbox 1248 3934 1318 3997; x_wconf 93' lang='lat' dir='ltr'><strong>per</strong></span> 
     </span>
     <span class='ocr_line' id='line_1_35' title="bbox 324 4019 1318 4104; baseline 0.004 -25"><span class='ocrx_word' id='word_1_248' title='bbox 324 4037 550 4100; x_wconf 87' lang='lat' dir='ltr'><strong>consequens</strong></span> <span class='ocrx_word' id='word_1_249' title='bbox 568 4021 665 4102; x_wconf 93' lang='lat' dir='ltr'><strong>quod</strong></span> <span class='ocrx_word' id='word_1_250' title='bbox 680 4019 809 4104; x_wconf 85' lang='lat' dir='ltr'><strong>legifer</strong></span> <span class='ocrx_word' id='word_1_251' title='bbox 824 4022 1015 4084; x_wconf 92' lang='lat' dir='ltr'><strong>nonnullus</strong></span> <span class='ocrx_word' id='word_1_252' title='bbox 1026 4021 1200 4084; x_wconf 83' lang='lat' dir='ltr'><strong>extollitur</strong></span> <span class='ocrx_word' id='word_1_253' title='bbox 1208 4037 1318 4101; x_wconf 81' lang='lat' dir='ltr'><strong>super</strong></span> 
     </span>
     <span class='ocr_line' id='line_1_36' title="bbox 323 4125 817 4205; baseline 0.006 -18"><span class='ocrx_word' id='word_1_254' title='bbox 323 4142 431 4204; x_wconf 84' lang='lat' dir='ltr'><strong>omne,</strong></span> <span class='ocrx_word' id='word_1_255' title='bbox 452 4127 542 4205; x_wconf 86' lang='lat' dir='ltr'><strong>qnod</strong></span> <span class='ocrx_word' id='word_1_256' title='bbox 563 4127 691 4189; x_wconf 85' lang='lat' dir='ltr'><strong>dicitur</strong></span> <span class='ocrx_word' id='word_1_257' title='bbox 714 4125 817 4190; x_wconf 72' lang='lat' dir='ltr'><strong>Deus</strong></span> 
     </span>
    </p>
   </div>
   <div class='ocr_carea' id='block_1_3' title="bbox 377 4363 736 4408">
    <p class='ocr_par' dir='ltr' id='par_1_3' title="bbox 377 4363 736 4408">
     <span class='ocr_line' id='line_1_37' title="bbox 377 4363 736 4408; baseline 0.003 -1"><span class='ocrx_word' id='word_1_258' title='bbox 377 4363 414 4408; x_wconf 79' lang='lat'><strong>23.</strong></span> <span class='ocrx_word' id='word_1_259' title='bbox 430 4364 459 4407; x_wconf 90' lang='lat' dir='ltr'><strong>B:</strong></span> <span class='ocrx_word' id='word_1_260' title='bbox 475 4364 576 4407; x_wconf 81' lang='lat' dir='ltr'><strong>tunicam</strong></span> <span class='ocrx_word' id='word_1_261' title='bbox 590 4365 736 4408; x_wconf 83' lang='lat' dir='ltr'><strong>contendere.</strong></span> 
     </span>
    </p>
   </div>
   <div class='ocr_carea' id='block_1_4' title="bbox 0 0 1508 5026">
    <p class='ocr_par' dir='ltr' id='par_1_4' title="bbox 0 0 1508 5026">
     <span class='ocr_line' id='line_1_38' title="bbox 0 0 1508 5026; baseline 0 0"><span class='ocrx_word' id='word_1_262' title='bbox 0 0 1508 5026; x_wconf 95' lang='lat' dir='ltr'><strong> </strong></span> 
     </span>
    </p>
   </div>
  </div>
 </body>
</html>
