3008 5026
119 387 188 433 ene.
203 376 256 456 xi]
417 393 461 442 os
482 392 691 442 eoTesTnTE
716 393 811 443 Pure.

119 549 215 613 foret
236 548 439 628 subsidium,
478 549 575 631 quod
611 569 706 632 papa
743 549 918 613 subtrahit
951 552 1107 632 populus

119 654 215 717 licite
255 664 291 718 et
328 653 507 717 laboriose
545 652 785 736 prosequitur.
836 653 954 736 Quare
998 653 1108 740 igitur

120 778 189 821 non
227 758 458 841 prosequitur
496 766 618 821 contra
664 778 793 842 papam
844 757 1109 841 corruptibilem

119 861 264 926 fratrem
287 865 466 927 nostrum?
489 862 535 925 Et
557 861 626 926 ista
644 863 787 927 videtur
809 863 991 927 sentencia
1012 861 1109 926 beati

94 966 283 1049 5Gregorii
293 967 410 1049 posita
425 964 553 1029 XCIX
572 965 815 1031 distinccione:
839 966 932 1045 Ecce,
953 966 1014 1030 ubi
1029 986 1107 1049 pre·
1142 980 1255 1038 sumpte
1269 985 1294 1028 or

121 1071 219 1153 cepit
242 1070 395 1153 Eulogio
422 1071 622 1154 patriarche
646 1071 891 1136 Alexandrino
916 1072 1013 1155 quod
1036 1034 1305 1132 nonwiiiv‘iiiimy'

119 1183 227 1238 vocet
259 1195 338 1238 eum
371 1175 519 1258 amplius
548 1196 682 1258 papam
719 1177 962 1240 liniversalem:
1001 1175 1107 1254 Vobis,
1158 1139 1277 1236 iiiiii

118 1279 242 1361 inquit,
273 1281 486 1343 subtrahitur
516 1280 605 1361 quod
637 1280 738 1343 alteri
765 1282 848 1362 plus
873 1298 978 1361 quam
1010 1279 1106 1342 racio
1184 1256 1253 1300 ''⁰⁹‘'

119 1384 220 1464 exigit
238 1385 409 1465 prebetur‚
432 1396 491 1463 ego
513 1403 593 1447 vero
617 1401 683 1447 non
707 1385 817 1447 verbis
838 1402 940 1465 quero
960 1400 1105 1464 prospe-

77 1508 109 1544 10
118 1488 198 1549 rari
228 1489 288 1550 sed
328 1488 490 1570 moribnS,
527 1507 587 1551 nee
616 1489 779 1551 honorem
811 1507 881 1552 esse
911 1488 1034 1569 deputo
1070 1487 1106 1549 in

119 1610 182 1671 qno
190 1591 329 1672 fratres
343 1596 477 1656 nostros
491 1593 653 1656 honorem
666 1612 768 1655 suum
780 1594 925 1675 perdere
936 1604 1106 1674 cognosco.

119 1694 218 1758 Meus
240 1714 387 1777 namque
410 1701 457 1759 est
479 1696 586 1759 honor
608 1697 818 1760 universalis
840 1697 981 1772 ecclesie,
1009 1715 1107 1758 meus

117 1800 225 1862 honor
246 1804 294 1862 est
307 1799 471 1880 fratrum
486 1819 642 1864 meorum
665 1801 796 1864 solidus
818 1801 932 1882 vigor,·
953 1805 1031 1862 tune
1045 1813 1105 1880 ego

117 1904 304 1968 honoratus
325 1924 414 1988 sum,
438 1923 516 1967 cum
539 1907 686 1988 singulis
711 1906 894 1987 quibusque
915 1906 1022 1967 honor
1043 1905 1102 1967 de-

79 2019 107 2069 15
119 2008 207 2070 bitus
230 2028 296 2072 non
311 2014 467 2090 negatur.
492 2007 531 2071 Si
547 2029 601 2072 me
616 2011 707 2072 euim
723 2009 953 2073 universalem
970 2027 1104 2090 papam

118 2116 230 2175 vestra
252 2115 417 2177 sanctitas
438 2114 529 2192 dicit,
562 2118 662 2195 negat
687 2131 723 2177 se
746 2131 816 2177 esse
842 2113 912 2188 hoe,
938 2113 1029 2192 quod
1051 2130 1105 2174 me

118 2215 263 2296 fatetur,
287 2218 494 2296 uuiversum,
517 2218 577 2280 sed
599 2218 686 2280 absit
707 2218 776 2294 hoc,
809 2219 966 2280 recedant
992 2218 1104 2292 verba,

117 2338 179 2399 que
201 2321 366 2383 unitatem
389 2321 512 2400 inflant
534 2324 564 2382 et
587 2322 767 2384 caritatem
787 2322 974 2386 vulnerant.
998 2319 1104 2383 Unde

118 2422 297 2505 Pellagius
320 2444 428 2506 papa:
453 2423 577 2488 Nullus
597 2426 879 2506 patriarcharum
897 2426 1103 2487 universali·

75 2529 198 2591 rotatis
222 2529 382 2591 vocabulo
406 2547 572 2608 umquam
588 2534 714 2606 utatur,
736 2529 818 2609 quia
833 2531 865 2591 si
879 2548 969 2592 ituris
984 2548 1103 2592 eorum

118 2632 324 2695 universalis
354 2633 490 2713 dicitur,
517 2634 805 2714 patriarcharum
837 2651 958 2696 nomen
986 2634 1105 2696 ceteris

117 2737 314 2816 derogatur.
353 2734 419 2799 Sed
447 2736 534 2799 absit
565 2756 587 2798 a
604 2737 770 2816 fidelibus
805 2737 865 2799 hoe
900 2738 964 2800 sibi
992 2756 1103 2817 quem·

113 2841 215 2919 piam
234 2858 358 2903 nomeu
373 2842 454 2904 velle
469 2841 636 2922 arripere,
660 2842 749 2904 nude
763 2842 925 2904 honorem
940 2840 1103 2921 fratrum

116 2962 258 3006 suorum
276 2963 314 3007 ex
328 2946 635 3026 quantulacumque
646 2950 748 3026 parte
763 2947 918 3008 minuere
931 2947 1105 3021 videntum

74 3055 324 3130 23quapropter
354 3049 484 3112 caritas
515 3055 628 3113 vestra
660 3050 831 3113 neminem
868 3068 1035 3131 umquam
1066 3052 1103 3113 in

117 3155 190 3217 suis
212 3155 362 3235 epistolis
384 3156 613 3218 universalem
636 3156 794 3229 nominet,
818 3172 860 3217 ne
874 3155 940 3217 sibi
954 3156 1103 3217 debitum

116 3259 303 3337 subtrahat,
335 3260 419 3321 dnm
452 3260 555 3322 alteri
584 3259 745 3322 honorem
777 3258 877 3341 offert
909 3259 1102 3322 indebitum.

117 3361 204 3425 Ideo
238 3382 285 3424 ex
316 3362 473 3444 generali
506 3363 656 3427 concilio
690 3364 870 3426 decretum
906 3370 973 3444 est,
1007 3363 1105 3445 quod

113 3468 230 3549 prime
239 3468 330 3531 sedis
339 3469 516 3551 episcopus
530 3488 598 3533 non
609 3470 798 3551 appelletur
807 3469 972 3551 princeps
985 3486 1102 3532 sacer·

74 3575 234 3636 todotum
265 3581 325 3636 ant
356 3594 515 3638 summus
545 3577 705 3639 sacerdos
736 3579 796 3637 aut
827 3574 960 3653 aliquid
982 3573 1101 3635 huius-

21 3685 90 3740 236⁶
117 3679 221 3757 modi,
240 3678 245 3752 Ι
264 3680 324 3742 sed
346 3683 479 3742 tantum
498 3680 616 3760 prime
637 3679 729 3742 sedis
747 3678 931 3760 episcopus.
959 3675 1101 3740 Univer-

116 3779 202 3846 saiis
226 3788 341 3847 aritem
356 3802 416 3847 nec
430 3785 539 3847 eciam
557 3782 888 3865 romanuspontifex
903 3781 1101 3865 appelletur.

1249 1087 1263 1131 d
1278 1094 1319 1132 not

171 4040 190 4084 5.
219 4040 294 4084 Codd.
323 4040 346 4083 in
375 4051 460 4093 marga
492 4038 635 4084 Universah'r
659 4052 724 4095 popa
753 4041 827 4083 uoluit
854 4041 936 4083 uocari
961 4037 1100 4097 Gregorius.

117 4111 139 4154 6.
154 4110 242 4153 Coun:
258 4108 366 4164 Eulopie.

171 4234 193 4286 5.
212 4235 274 4298 Cap.
288 4235 319 4286 V.
396 4250 432 4301 ¹9·
452 4236 555 4284 Deci-eti
578 4235 667 4284 Prima
686 4235 756 4284 Pars.
781 4235 845 4283 Dirc
869 4234 960 4293 XCIX,
983 4248 1039 4299 cap.
1060 4235 1101 4289 lv.

119 4336 158 4388 29.
179 4322 278 4371 Decreti
300 4323 385 4371 Prima
405 4323 475 4383 Pars,
497 4325 558 4374 [list.
579 4322 667 4378 XClX,
686 4336 742 4386 cap.
763 4322 802 4370 ill.
