3008 5026
651 396 820 446 vonimus
839 395 978 445 wreus
1182 373 1264 461 [car.
1279 389 1310 434 v.

323 551 457 615 medias
480 572 653 635 personas
677 553 922 616 distribuendo
946 553 1041 614 bona
1057 549 1219 629 ecclesie,
1241 547 1313 632 ipsi

324 667 442 720 autem
466 659 657 719 servabant
680 657 788 721 vitam
811 656 976 718 humilem
1000 664 1036 717 et
1058 672 1252 737 pauperem
1275 651 1313 715 in

324 780 364 824 se
387 759 484 843 ipsis,
507 763 604 843 quod
628 761 658 823 si
678 760 873 826 scivissent
891 767 1102 843 peccatores
1118 765 1312 840 sequentes

324 865 375 927 sic
399 865 597 928 obtinuisse
620 865 696 928 illas
720 864 876 944 divicias,
908 863 1055 928 firmiter
1082 863 1190 926 credo
1215 861 1313 944 quod

323 968 420 1051 ipsas
447 989 513 1051 pro
539 989 579 1032 se
609 979 645 1032 et
670 969 827 1052 posteris
852 968 1088 1051 reliquissent.
1110 967 1158 1031 Et
1181 966 1339 1029 stultus5

325 1072 463 1155 estqui
488 1071 665 1155 sompniat
688 1082 724 1137 et
753 1071 914 1135 defendit
945 1072 1042 1155 quod
1073 1090 1145 1133 non
1176 1069 1211 1132 in
1242 1070 1313 1132 hoc

324 1175 509 1238 venialiter
531 1185 782 1259 peccaverunt.
805 1176 887 1239 Non
908 1175 1000 1238 enim
1019 1184 1198 1258 repugnat
1215 1174 1313 1256 quod

323 1281 471 1344 remisse
495 1280 531 1343 in
553 1280 673 1362 gracia
694 1290 915 1364 occuparunt
938 1282 1024 1344 illud
1048 1280 1203 1344 officium
1220 1278 1314 1342 sicut

128 1385 291 1495 Tlffiiffiped
324 1385 512 1465 meritorie,
535 1387 599 1447 sed
624 1384 767 1450 defectu
791 1385 918 1448 veniali
942 1394 1161 1467 occuparunt
1176 1393 1312 1465 tempo-

324 1490 409 1553 ralia
425 1497 461 1552 et
475 1489 511 1552 in
528 1490 682 1572 posteris
698 1499 849 1572 propter
863 1490 1131 1572 profundiorem
1141 1488 1312 1553 maliciam
1327 1506 1358 1543 ¹0

325 1594 360 1656 in
392 1593 670 1674 occupacionem
703 1596 886 1657 mortalem
920 1603 956 1657 et
992 1593 1199 1677 simpliciter
1229 1594 1313 1657 Deo

325 1697 492 1760 odibilem
526 1707 581 1761 est
613 1718 799 1780 perversa.
837 1697 1039 1761 Periculum
1072 1698 1181 1780 igitur
1220 1696 1315 1761 foret

324 1803 463 1865 trahere
486 1801 522 1864 in
546 1802 750 1884 exemplum
767 1803 826 1864 vel
850 1802 1145 1883 consequenciam
1168 1801 1313 1865 modum

325 1907 454 1989 agendi
471 1906 657 1970 venialiter
681 1905 902 1988 culpabilem,
927 1906 1008 1988 quia
1030 1907 1081 1970 sic
1106 1927 1154 1969 ex
1175 1906 1312 1988 pietate

325 2012 532 2075 doceremus
556 2031 636 2073 cum
659 2008 786 2096 Petrol
802 2019 931 2094 gentes
954 2010 1136 2088 iudaizare,
1160 2019 1314 2093 propter
1346 2010 1396 2075 ¹84¹

325 2115 421 2197 quod
444 2114 512 2177 suit
533 2136 555 2177 a
576 2114 699 2190 Paulo,
726 2123 766 2178 ut
788 2122 890 2198 patet
917 2115 1073 2197 capitulo
1097 2115 1133 2178 II
1159 2116 1204 2177 ad
1229 2113 1314 2196 Gal,

324 2218 575 2301 reprehensus.
599 2218 646 2281 Et
669 2219 777 2281 credo
802 2219 898 2301 quod
921 2219 1029 2302 longe
1052 2219 1163 2282 maius
1187 2238 1313 2301 pecca·

324 2334 397 2387 tum
421 2322 487 2386 fuit
508 2323 544 2385 in
567 2323 700 2385 dotatis
724 2323 905 2405 episcopis
930 2344 976 2386 ex
1002 2324 1071 2386 hoc
1096 2324 1192 2405 quod
1215 2324 1313 2387 dota·

324 2427 463 2490 cionem
485 2426 686 2490 huiusmodi
710 2427 938 2504 admiserunt,
977 2427 1172 2491 Caveamus
1204 2426 1314 2508 igitur

325 2532 491 2613 exempla
523 2551 653 2613 capere
685 2540 886 2594 sanctorum
920 2533 963 2593 ab
998 2531 1169 2614 operibus
1193 2550 1313 2593 eorum
1326 2551 1359 2584 πο

324 2635 460 2698 mixtim
502 2635 738 2698 laudabilibus
777 2644 813 2699 et
853 2635 1038 2698 venialiter
1075 2634 1314 2717 culpabilibus

325 2740 518 2803 secundum
552 2739 728 2823 disparem
759 2740 947 2822 racionem,
981 2739 1062 2823 quia
1084 2739 1260 2803 nescimus
1284 2737 1315 2801 si

324 2844 360 2907 in
383 2843 488 2906 nobis
512 2843 558 2907 sit
573 2843 894 2926 predestinacionis
910 2843 1029 2928 gracia
1044 2844 1103 2907 vel
1120 2843 1315 2907 excusandi

122 2972 164 3015 iet
179 2984 206 3013 ns
221 2970 301 3014 ronow
324 2947 419 3010 racio
438 2947 618 3011 amortali.
642 2947 729 3010 Ideo
747 2948 919 3011 debemus
942 2947 1043 3030 sequi
1067 2966 1192 3011 secure
1215 2967 1314 3010 sanc·

108 3026 146 3067 the
161 3023 251 3067 Holicst
268 3022 313 3065 and
731 3052 738 3065 .
881 3052 889 3066 ,
1076 3053 1083 3067 ,
1176 3052 1184 3066 ‚
1346 3056 1356 3067 ,

144 3077 181 3119 ne
196 3076 282 3119 virtues
325 3061 398 3114 tum
422 3061 622 3115 sanctorum
647 3062 684 3115 et
706 3061 857 3116 vrrtutes
880 3073 917 3115 m
939 3054 1104 3115 membns
1133 3072 1216 3126 sum,
1245 3070 1358 3115 necza

128 3127 302 3227 ⁵hniiiisi¹isii⁵
325 3177 397 3219 non
426 3157 462 3219 in
495 3157 665 3238 operibus
697 3157 748 3219 sic
781 3157 900 3220 mixtis
924 3158 1097 3220 debemus
1120 3158 1238 3220 colare
1261 3178 1314 3220 ra·

327 3261 464 3323 cionem
496 3260 707 3323 laudabilem
741 3269 778 3324 et
809 3261 859 3323 illi
881 3260 982 3323 inniti
1004 3261 1146 3324 racione
1168 3260 1236 3324 alia
1259 3281 1313 3324 se·

325 3373 455 3448 parata
478 3364 525 3426 Et
548 3365 656 3428 credo
681 3367 775 3447 quod
791 3365 997 3447 ignorancia
1010 3365 1114 3428 huius
1130 3365 1314 3428 sentencie

326 3468 411 3531 fecit
442 3471 571 3532 multos
598 3490 620 3531 a
641 3467 699 3531 via
721 3469 865 3531 Domini
893 3469 1079 3532 declinare.
1126 3469 1315 3533 Noverunt

326 3573 487 3655 sophiste
510 3573 690 3655 quomodo
709 3573 831 3635 eadem
852 3593 911 3636 res
934 3582 990 3637 est
1007 3574 1109 3637 simul
1127 3572 1313 3636 laudabilis
1327 3583 1358 3631 30

326 3685 362 3739 et
396 3677 581 3759 culpabilis
614 3678 807 3740 secundum
840 3677 1017 3760 disparem
1049 3677 1237 3760 racionem,
1275 3686 1336 3741 utv

326 3782 455 3845 Petrus
488 3790 525 3844 et
558 3781 725 3864 operacio
750 3802 812 3844 sua
835 3790 892 3845 est
914 3782 1109 3860 laudabilis,
1141 3781 1223 3865 quia
1246 3785 1313 3845 sub

325 3884 442 3967 aliquo
480 3887 591 3968 gradu
627 3888 723 3948 bona
745 3886 936 3965 moraliter,
970 3895 1007 3949 et
1044 3895 1099 3949 est
1132 3905 1210 3948 cum
1243 3886 1314 3949 hoc

327 3988 511 4070 culpabilis
523 3999 559 4052 et
574 3989 811 4071 reprobabilis
827 3998 977 4072 propter
987 3989 1165 4052 defectum
1181 3990 1313 4052 habun-

379 4261 391 4305 3
417 4261 503 4304 codd:
519 4262 622 4306 scissent.
678 4274 698 4316 7.
715 4264 736 4305 Α
754 4261 777 4304 in
794 4273 879 4316 murga
900 4262 983 4306 Sancti
999 4262 1146 4317 suscr'pr'errdo
1164 4263 1315 4306 dotaciorem

327 4332 450 4374 venialiter
462 4337 623 4387 peccaverunt.
679 4330 712 4375 31.
729 4331 757 4373 B:
773 4336 796 4374 et
809 4331 931 4386 culpabilis
945 4332 1016 4375 deest.
