3008 5026
148 383 218 428 cru.
237 367 299 455 xu]
446 388 489 436 ou
511 385 719 437 eorasmrs
741 386 838 436 unes.

149 542 273 622 stituit,
302 563 371 607 non
396 543 607 607 excedendo
631 542 760 606 limites
783 542 819 606 in
848 541 1076 606 sacramentis
1101 549 1137 604 et

150 648 462 713 sacramentalibus
480 647 708 731 evangelicis
725 647 806 731 quia
820 656 904 712 tunc
922 655 977 711 est
993 646 1137 710 indubie

150 751 402 819 Antichristus,

194 854 266 921 Sed
290 857 443 922 obicitur
465 878 531 941 per
552 860 621 921 hoc
646 858 750 941 quod,
775 857 806 920 si
821 877 915 940 papa
931 858 1042 922 debet
1058 876 1137 920 esse
1149 869 1285 924 objectum
1304 870 1355 914 The

124 961 391 1026 §sanctissimus
423 962 598 1026 viatorum
632 970 668 1026 et
699 961 802 1026 aliter
837 983 909 1027 non
947 971 1002 1026 est
1033 981 1137 1044 papa,
1148 923 1316 1070 Tpaiiie‘ii'io
1329 923 1356 966 δε

150 1065 310 1148 sequitur
327 1069 422 1150 quod
438 1087 541 1131 omne
558 1076 744 1150 peccatum
764 1070 908 1130 mortale
924 1068 983 1131 vel
999 1064 1138 1131 veniale
1174 1029 1356 1136 eiiiiitii'ifm

149 1170 260 1233 debet
282 1171 479 1255 degradare
503 1192 641 1254 papam,
671 1173 766 1254 quod
796 1181 850 1234 est
875 1178 997 1234 contra
1018 1172 1137 1255 legem

149 1274 381 1340 distinccione
404 1276 486 1339 XL:
520 1275 560 1340 Si
587 1296 694 1358 papa,
726 1276 761 1339 in
795 1296 864 1359 qua
887 1275 1014 1339 dicitur
1052 1275 1140 1354 quod

148 1381 259 1443 solum
283 1381 375 1445 debet
397 1381 521 1463 deponi
540 1400 605 1462 pro
629 1382 746 1444 heresi.
778 1381 824 1443 Et
846 1380 973 1443 iterum
997 1379 1139 1442 videtur

109 1485 241 1547 roidem
281 1487 325 1548 de
362 1485 519 1568 regibus,
564 1485 744 1568 episcopis
783 1494 819 1548 et
856 1484 1138 1567 quibuscumque

148 1588 315 1653 ministris
340 1590 504 1667 ecclesie,
528 1610 612 1673 ymo
637 1609 793 1653 summus
817 1588 985 1654 sacerdos
1005 1587 1039 1652 in
1055 1590 1138 1671 lege

148 1694 263 1757 veteri
288 1715 360 1759 non
376 1695 441 1759 fuit
456 1695 669 1778 regulariter
685 1694 936 1772 sanctissimus,
954 1715 1033 1758 cum
1050 1713 1138 1775 sepe

148 1797 215 1861 fuit
236 1800 403 1883 pollutus.

196 1903 260 1966 Hic
294 1904 421 1967 dicitur
445 1906 541 1988 quod
564 1905 674 1968 maior
697 1925 779 1988 pars
801 1905 904 1968 huius
922 1901 1138 1968 difficultatis
1158 1911 1346 2010 ,¹,{¹„{¹,}¹⁸,„¹⁰2},¹5‘

106 2014 218 2069 15stat
250 2007 285 2070 in
313 2007 517 2092 signacione
540 2009 681 2073 termini
706 2008 929 2090 magistralis,
962 2015 1001 2071 ut
1032 2005 1138 2088 aliqui
1149 2030 1178 2061 on
1194 1978 1355 2114 uppmiqrn}

147 2110 349 2197 intelligunt
380 2134 519 2197 papam,
552 2121 591 2176 ut
615 2113 699 2176 dicit
726 2112 1006 2177 autonomastice
1030 2130 1139 2193 super
1194 2084 1208 2113 ⁰
1250 2082 1308 2126 ψ’

149 2236 392 2300 quoscumque
427 2218 515 2282 alios
547 2217 741 2281 mirabilem
774 2217 1007 2293 sanctitatem,
1047 2215 1139 2279 sicut

150 2319 310 2384 Christus
334 2342 374 2386 se
396 2323 520 2386 habuit
543 2324 587 2385 ad
610 2342 691 2386 suos
716 2324 908 2404 apostolos.
945 2321 992 2383 Et
1016 2318 1065 2384 sic
1088 2319 1137 2381 in·

149 2424 316 2507 telligunt
346 2426 509 2490 homines
545 2429 589 2490 de
613 2428 778 2491 Romano
810 2426 979 2509 pontifice
1011 2425 1046 2486 in
1069 2423 1137 2485 hiis

104 2551 138 2588 20
149 2548 218 2610 que
241 2530 375 2592 lucrum
404 2542 440 2594 et
462 2533 633 2596 honorem
656 2531 863 2595 mundanam
892 2529 1044 2612 sapiunt,
1073 2528 1137 2590 sed

149 2652 219 2695 non
250 2633 285 2696 in
309 2634 382 2697 vita
405 2638 598 2699 secundum
622 2636 737 2699 forum
767 2632 990 2698 consciencie
1018 2632 1137 2715 quoad
1180 2644 1315 2689 whetherit

148 2736 275 2802 Deum.
290 2738 336 2800 Et
350 2738 420 2801 isto
431 2741 534 2803 modo
549 2742 742 2822 loquuntur
758 2747 831 2802 tres
842 2738 955 2801 sancti
972 2737 1136 2799 doctores
1178 2705 1324 2793 liii'iiii‘ir

148 2842 310 2923 predicti.
347 2843 419 2907 Alii
442 2853 558 2907 autem
589 2844 793 2925 intelligunt
815 2863 954 2926 papam,
986 2849 1025 2903 ut
1053 2839 1137 2902 dicit
1174 2803 1321 2911 suii'e‘iiiiy.

150 2946 358 3029 episcopum
391 2948 711 3030 supereminentem
744 2946 778 3010 in
804 2946 917 3029 aliqua
940 2944 1136 3020 sanctitate,

107 3057 188 3116 25ut
212 3051 434 3131 Ambrosius,
467 3051 691 3134 Augustinus
722 3059 759 3113 et
782 3050 891 3113 ceteri
915 3048 1033 3112 vocati
1056 3055 1137 3111 sunt

149 3173 253 3237 pape.
292 3154 366 3219 Sed
388 3165 579 3239 postquam
604 3154 796 3218 declinavit
819 3155 934 3217 clerus
958 3153 1002 3215 ad
1026 3151 1137 3215 civili-

150 3265 268 3337 tatem,
291 3259 410 3324 vocati
433 3268 515 3323 sunt
538 3259 750 3342 quicumque
774 3278 879 3340 pape,
904 3255 964 3339 qui
983 3256 1028 3318 ad
1046 3254 1138 3318 deci·

151 3361 304 3426 dendum
335 3363 579 3447 principaliter
613 3383 735 3426 causas
770 3360 923 3425 ecclesie
960 3360 1138 3424 seculares

150 3474 233 3528 sunt
263 3468 463 3532 humanitus
495 3468 655 3534 instituti.
694 3468 740 3531 Et
764 3487 873 3551 super
899 3465 968 3529 ista
994 3464 1137 3547 equivo-

108 3591 139 3640 30
151 3571 294 3634 cacione
319 3583 464 3637 currunt
486 3574 658 3651 raciones,
682 3593 761 3636 nam
777 3571 937 3636 Christus
953 3569 1019 3634 fuit
1035 3589 1137 3653 papa,

150 3697 253 3759 quem
292 3679 504 3761 degradaret
542 3680 791 3762 quodcumque
819 3687 1016 3760 peccatum,
1054 3674 1137 3737 ideo

150 3785 294 3846 stultum
318 3784 413 3849 foret
436 3784 662 3849 christianum
682 3805 724 3847 ea
738 3783 941 3848 intencione
958 3800 1138 3845 assumere

203 4062 224 4106 8.
241 4062 257 4105 B
271 4064 294 4106 in
311 4075 397 4118 marga
412 4063 478 4118 Papa
492 4075 513 4105 rr
528 4063 594 4105 debet
608 4073 658 4104 erse
675 4060 832 4102 sanctissimus
848 4060 921 4103 solum
939 4059 1043 4114 requitur
1059 4058 1137 4101 incon·

150 4134 250 4176 veniens.
307 4133 340 4177 15.
355 4132 517 4188 magistralia
536 4134 571 4174 Αι
591 4131 724 4186 ingracilr'r.
781 4141 814 4172 ιο.
831 4129 847 4172 Β
862 4129 885 4172 in
901 4140 987 4180 marg:
1003 4128 1067 4180 Papa
1081 4128 1140 4184 quid

149 4205 236 4259 signat.

203 4329 227 4379 8.
248 4331 348 4380 Decreti
368 4331 455 4379 Prima
475 4330 548 4391 Pars,
567 4329 626 4379 dist.
647 4327 701 4391 XL,
721 4341 777 4392 cup.
790 4327 833 4374 Vl.
