3008 5026
133 371 201 416 cns.
215 359 266 442 xi]
431 376 476 427 DE
495 374 707 428 potestate
726 378 824 430 ΡΑΡΕ.

133 532 370 618 generacione
394 534 554 598 adultera
587 533 638 598 sic
669 533 868 619 phariseice
892 536 1120 616 seducuntur,

133 639 231 723 quod
262 640 530 723 preponderant
566 641 706 723 signum
743 639 884 704 visibile
920 642 1120 707 humanitus

35 747 104 801 238⁵
131 744 328 810 institutum
352 744 491 828 signato
515 745 683 810 invisibili
708 747 806 829 quod
822 745 922 809 Deus
942 744 946 830 Ι
966 766 1119 831 prepon-

132 851 242 928 derat,
266 858 304 913 ut
326 849 362 913 in
386 869 470 914 casu
488 859 525 914 et
539 850 634 914 facto
651 850 816 915 Romane
833 851 997 930 ecclesie,
1021 853 1119 934 quod

107 959 248 1018 snarrat
271 953 472 1019 Castrensis
505 975 581 1039 cap.
606 955 660 1018 III
691 955 772 1019 libri
793 954 829 1018 V
856 955 993 1020 scilicet
1021 957 1119 1039 quod

133 1059 283 1142 quedam
306 1059 435 1123 femina
457 1059 552 1124 sedit
578 1059 613 1123 in
636 1070 770 1143 papatu
793 1060 932 1125 duobus
959 1060 1059 1124 annis
1083 1069 1121 1124 et

132 1164 289 1248 quinque
322 1165 503 1229 mensibus
540 1173 627 1249 post
662 1164 829 1231 Leonem.
873 1164 953 1229 Hec
992 1165 1120 1229 dicitur

131 1269 240 1333 fuisse
271 1271 391 1353 puella
414 1271 541 1353 Agnes
573 1278 701 1334 vocata
731 1272 874 1334 nacione
901 1270 1117 1353 Moguntina,
1138 1282 1323 1380 storysogtlrore

131 1395 154 1438 a
175 1394 237 1439 suo
260 1377 397 1439 amasio
419 1375 559 1440 Athenis
581 1377 617 1438 in
644 1376 760 1438 habitu
786 1376 882 1439 virili
904 1377 1060 1457 adducta,
1089 1381 1119 1440 ei
1259 1366 1265 1379 ’

90 1479 302 1545 10Jonannes
342 1478 508 1561 Anglicus
551 1481 742 1559 nominata,
786 1499 848 1561 que
892 1481 928 1543 iu
974 1481 1119 1546 diversis

129 1586 283 1649 scienciis
304 1586 354 1649 sic
366 1584 522 1667 profecit,
544 1585 635 1666 qnod
648 1584 799 1648 Romam
815 1587 951 1650 veniens
972 1597 1119 1667 magnos

129 1691 316 1771 magistros
341 1691 467 1753 habens
494 1690 670 1754 auditores
696 1690 837 1753 trivium
860 1692 949 1772 legit,
977 1691 1117 1754 demum

128 1796 164 1857 iu
183 1813 318 1877 papam
341 1795 452 1877 electa,
473 1812 656 1876 persuum
672 1795 849 1857 amasium
865 1795 1118 1877 impregnatur,

129 1902 159 1962 et
185 1900 270 1962 dnm
295 1896 558 1963 Lateranensem
587 1899 762 1962 ecclesiam
792 1899 836 1962 ab
862 1900 1002 1963 ecclesia
1023 1899 1119 1963 Petri

87 2006 117 2058 ¹5
123 2009 291 2087 pergeret,
320 2005 521 2086 angustiata
538 2004 705 2085 pariendi
727 2004 910 2087 doloribus,
937 2006 1027 2069 inter
1044 2002 1116 2070 Col·

127 2111 273 2173 tosseum
305 2113 335 2174 et
365 2113 523 2173 sanctum
558 2106 762 2174 Clementem
779 2110 923 2190 peperit,
961 2114 991 2173 et
1023 2114 1116 2191 post·

127 2214 268 2277 modum
293 2215 340 2278 ibi
352 2213 428 2294 suit
450 2218 589 2277 mortua
612 2219 642 2277 et
663 2215 805 2295 sepulta.
828 2213 870 2277 Et
890 2215 969 2277 hinc
990 2214 1117 2277 dicitur

122 2337 257 2400 papam
279 2320 367 2382 lianc
388 2319 483 2382 viam
499 2318 722 2383 communiter
732 2319 914 2399 obliquare,
940 2321 1030 2383 unde
1048 2336 1116 2383 non

121 2424 265 2505 ponitur
287 2425 323 2486 in
346 2424 522 2505 cathalogo
540 2441 732 2507 paparum.

82 2542 117 2579 20
169 2527 210 2590 In
250 2526 319 2592 isto
357 2546 440 2590 casu
477 2529 604 2590 saltem
646 2525 809 2609 possibili
853 2525 976 2590 dicunt
1012 2527 1114 2609 leges

125 2630 304 2695 hominum
334 2632 449 2714 ipsam
481 2652 553 2696 non
584 2631 716 2695 fecisse
745 2639 844 2695 actus
876 2632 1023 2715 papales
1046 2651 1114 2695 nec

125 2733 236 2799 fuisse
260 2738 408 2800 electam
430 2736 605 2821 legittime
628 2744 780 2819 propter
799 2734 1114 2820 indisposicionem

126 2841 297 2925 corporiS,
330 2839 415 2904 licet
441 2840 549 2905 fuerit
574 2839 641 2903 iam
667 2841 783 2905 beata.
822 2837 897 2904 Sed
923 2859 1033 2924 grave
1057 2848 1115 2904 est

124 2947 194 3009 hoc
225 2944 372 3008 fundare
404 2946 463 3008 vel
494 2945 629 3030 fugere,
661 2944 747 3028 quin
778 2943 993 3029 generaliter
1020 2944 1113 3008 desit

82 3049 260 3113 25eleccio
293 3051 435 3134 quando
469 3049 610 3134 eligitur
646 3048 810 3113 inhabilis
838 3049 955 3133 quoad
976 3050 1110 3128 Deum3

125 3154 217 3217 unde
256 3153 475 3238 angustiatur
512 3153 693 3219 institucio
725 3155 875 3218 humana
906 3153 1111 3218 describere

125 3279 248 3323 verum
270 3279 407 3343 papam.

168 3361 243 3428 Sed
258 3366 416 3428 secundo
435 3364 588 3428 obicitur
602 3383 669 3448 per
683 3365 763 3443 hoc,
786 3364 884 3447 quod
899 3373 969 3428 tam
986 3383 1107 3427 neces·

125 3469 252 3533 sarium
275 3478 333 3533 est
354 3477 610 3533 sacramentum
630 3468 833 3554 penitencie
858 3488 961 3552 quam
983 3487 1110 3532 neces·

81 3574 252 3638 30sarium
284 3583 339 3637 est
372 3583 628 3638 sacramentum
659 3573 838 3658 baptismi,
870 3573 963 3637 sicut
994 3592 1110 3637 sacra·

124 3688 278 3742 mentum
317 3678 449 3742 ordinis
488 3688 544 3743 est
580 3688 651 3742 tam
689 3679 833 3763 dignum
871 3678 932 3742 vel
969 3675 1110 3762 dignius

177 3883 198 3927 5.
212 3884 235 3927 Α
248 3883 272 3926 in
287 3894 374 3938 marg.=
392 3882 439 3927 Hic
452 3883 592 3928 contradicit
603 3884 650 3927 rili
660 3895 733 3938 supra
748 3884 772 3926 in
787 3895 838 3939 cap.
850 3883 960 3939 presenti,
977 3883 1018 3926 nii
1028 3883 1110 3941 rigna·

122 3957 177 3996 tura
195 3961 249 4009 229,
269 3953 310 3996 uti
326 3952 397 3995 aliter
413 3953 518 4009 loquitur
534 3954 565 3997 de
582 3954 628 3997 r'sta
639 3953 752 4010 seminas
770 3952 801 3998 ib.
822 3952 877 3996 Non
895 3959 931 3996 est
948 3964 1001 4008 cap.
1018 3951 1052 3996 111
1068 3952 1109 3998 sed

123 4020 214 4066 xxxii.
267 4021 289 4065 8.
305 4021 381 4066 Codd.
396 4022 420 4067 in
436 4035 522 4078 marga
537 4023 624 4067 Mulier
637 4034 701 4080 papa
715 4023 802 4080 Agnes.
857 4022 894 4067 23.
909 4021 939 4066 liz
946 4021 1009 4078 suit.

176 4145 199 4200 5.
218 4147 359 4197 Historiam
378 4148 487 4214 Agnetis
512 4149 616 4215 papisse
639 4149 664 4200 io
684 4147 881 4215 Polychronico
899 4158 963 4200 tom.
983 4148 1027 4216 Vl,
1050 4162 1109 4214 pag.

124 4233 257 4287 330-352
277 4235 358 4300 leges.
380 4233 517 4286 lohannes
535 4235 593 4285 Hus
610 4235 694 4302 (Opp.
713 4234 733 4302 1,
753 4235 826 4302 220¹)
848 4233 909 4289 hisn
930 4249 944 4285 e
963 4234 1030 4285 libro
1048 4233 1108 4288 Joh.

123 4319 223 4386 Wyclii
237 4320 276 4370 De
294 4321 353 4371 Pot.
373 4322 443 4387 Papa
462 4323 631 4389 deprompsit.
