3008 5026
652 408 821 460 JOHANNlS
841 407 980 458 wreus

322 569 420 650 quod
442 568 512 631 stul
532 567 537 648 Ι
557 577 631 631 tum
654 576 710 631 est
733 584 905 649 pompare
928 564 974 626 de
997 560 1172 646 dignitate
1188 568 1314 638 status,
1348 557 1406 624 ²⁶4⁸

323 681 361 735 et
383 672 495 735 tercio
519 673 618 754 quod
633 692 706 735 non
722 681 778 734 est
792 668 981 753 pompacio
1001 687 1049 732 ex
1063 667 1168 731 titulo
1184 665 1313 730 sancti·

321 777 413 857 tatis,
446 786 483 841 et
516 797 704 859 exponens
728 775 857 841 diffuse
885 773 1165 857 descripcionem
1188 781 1313 835 sextu·

320 881 449 964 plicem
482 880 746 964 pseudochristi
773 899 820 943 ex
847 878 1000 962 epistola
1027 876 1133 941 Yude
1161 875 1315 959 exponit

320 985 509 1069 tripliciter
532 985 616 1068 quid
639 985 725 1049 dicit
745 983 998 1066 Crysostomus
1021 984 1067 1045 de
1089 980 1254 1064 primatu,
1277 988 1338 1042 eti

322 1090 562 1153 confirmando
590 1110 657 1173 per
683 1090 799 1172 legem
828 1085 1004 1172 triplicem
1040 1086 1139 1169 quod
1162 1087 1314 1148 humana

322 1195 456 1257 eleccio
489 1214 562 1258 non
597 1193 682 1257 facit
718 1195 913 1256 membrum
951 1190 1113 1270 ecclesie,
1158 1189 1314 1253 inculcat

321 1299 501 1380 quomodo
525 1300 630 1362 sedes
653 1306 843 1373 mutantur,
866 1297 1047 1380 quomodo
1068 1301 1216 1379 oportet
1231 1295 1312 1357 ado·

321 1422 398 1465 rare
430 1402 546 1466 Deum
578 1401 614 1464 in
647 1401 774 1484 spiritu
807 1410 844 1464 et
875 1399 1026 1465 veritate
1060 1407 1098 1464 et
1129 1398 1311 1482 quomodo

322 1505 564 1570 abhominacio
604 1505 842 1571 desolacionis
887 1504 1060 1570 catholice
1097 1512 1224 1588 potest
1259 1502 1353 1565 in·10

321 1609 444 1693 telligi.

365 1713 564 1796 Capitulum
581 1714 754 1779 decimum
772 1714 889 1796 arguit
908 1712 1160 1797 sextupliciter
1187 1720 1313 1776 contra

322 1818 429 1882 dicta:
471 1819 585 1902 primo
617 1840 683 1903 per
714 1822 793 1900 hoc,
826 1819 924 1902 quod
956 1818 1034 1882 sine
1060 1817 1124 1882 tali
1154 1815 1312 1880 dominio

321 1943 393 1986 non
409 1922 594 1986 sufficeret
604 1923 682 2005 quis
699 1925 743 1986 ad
759 1925 887 2005 papale
902 1922 1066 2003 officium,
1084 1931 1121 1985 et
1135 1921 1312 1984 narrando

323 2028 499 2091 cronicam
528 2029 573 2090 de
599 2027 785 2109 irregulari
811 2027 992 2110 peticione
1019 2025 1170 2090 subsidii
1197 2024 1352 2088 cuius-15

321 2134 402 2195 dam
432 2151 529 2214 pape
554 2130 774 2194 deecclesia
797 2131 995 2215 Anglicana
1021 2130 1221 2214 respondet
1253 2130 1311 2192 de·

320 2237 478 2318 tegendo
497 2234 703 2299 versuciam.
727 2233 896 2300 Secundo
911 2234 1021 2299 obicit
1036 2253 1103 2317 per
1119 2235 1189 2298 hoc
1212 2233 1312 2316 quod

321 2360 415 2424 papa
436 2341 546 2402 habet
566 2339 663 2402 illum
686 2339 874 2423 primatum
897 2339 1099 2403 immediate
1120 2338 1249 2414 aDeo,
1274 2348 1314 2402 ut

320 2445 452 2527 allegat
466 2444 648 2507 decretum
663 2442 779 2507 XXII
795 2443 1043 2515 distinccione;
1061 2452 1098 2507 et
1112 2444 1314 2526 respondet

321 2549 504 2611 declarans
532 2548 711 2629 quomodo
734 2567 829 2631 papa
851 2567 899 2610 ex
926 2546 1115 2611 dotacione
1142 2547 1356 2612 insomni-20

320 2652 402 2717 liter
423 2652 620 2716 involvitur
643 2661 680 2716 et
703 2652 883 2734 quomodo
907 2672 1001 2735 papa
1017 2652 1152 2716 excidit
1168 2671 1187 2715 a
1202 2651 1312 2735 privi-

320 2757 418 2839 legio
435 2756 643 2820 conferendi
658 2757 850 2840 dignitates
867 2757 1020 2821 ecclesie
1045 2777 1113 2840 per
1127 2759 1196 2821 hoc
1212 2759 1312 2840 quod

321 2861 462 2944 preficit
476 2861 653 2944 indignos,
677 2871 715 2925 et
729 2861 842 2925 tercio
858 2881 1002 2925 narrans
1019 2864 1063 2925 de
1079 2863 1311 2928 absolucione

322 2986 341 3028 a
363 2986 456 3048 pena
479 2975 516 3029 et
531 2987 552 3028 a
568 2967 672 3048 culpa
688 2967 843 3030 declarat
866 2968 1048 3048 quomodo
1073 2966 1109 3029 in
1123 2966 1195 3030 isto
1211 2969 1312 3032 credi

321 3072 430 3133 debet
453 3071 670 3147 doctoribus
695 3080 731 3134 et
753 3071 942 3134 obiciendo
970 3071 1143 3136 dissolvit.
1180 3072 1355 3139 Tercior5

321 3174 432 3238 obicit
463 3174 706 3257 principaliter
738 3196 803 3258 per
832 3176 901 3238 hoc
934 3177 1033 3258 quod
1064 3176 1164 3240 multi
1196 3179 1313 3243 sancti

321 3277 484 3361 episcopi
522 3288 559 3342 et
596 3280 775 3342 seculares
808 3281 1053 3363 approbarunt
1085 3280 1310 3347 dotacionem

321 3402 513 3457 cesaream
538 3393 575 3445 et
597 3384 803 3465 respondet,
825 3383 949 3446 dicens
973 3384 1072 3465 quod
1091 3383 1126 3447 in
1141 3385 1210 3449 hoc
1227 3408 1311 3470 pec·

323 3496 492 3551 caverant
512 3489 593 3569 plus
609 3489 668 3550 vel
690 3486 819 3567 minus3
843 3488 925 3551 ideo
943 3508 1021 3551 cum
1038 3490 1137 3552 solus
1148 3488 1311 3556 Christus

319 3593 376 3655 vel
395 3591 605 3655 christianus
628 3594 822 3656 secundum
845 3593 1024 3656 racionem
1056 3613 1125 3676 qua
1147 3595 1312 3676 sequitur
1324 3606 1357 3656 30

320 3695 497 3760 Christum
529 3709 585 3760 est
616 3699 823 3780 sequendus
854 3705 967 3780 patet,
1010 3699 1109 3780 quod
1148 3719 1221 3763 non
1255 3720 1310 3765 se·

320 3800 448 3883 quitur,
482 3801 512 3864 si
543 3802 656 3865 sancti
690 3801 750 3884 qui
781 3811 1024 3884 peccaverunt
1055 3803 1224 3868 continue
1257 3805 1311 3870 sic

320 3905 492 3985 fecerunt,
519 3914 603 3969 tunc
630 3906 667 3969 in
693 3908 762 3969 hoc
791 3915 848 3970 est
870 3906 1003 3970 licitum
1027 3908 1129 3990 sequi
1152 3908 1244 3989 illos,
1273 3919 1312 3976 et

319 4011 520 4092 respondet
544 4011 588 4073 ad
613 4010 795 4074 obiectum
818 4031 889 4095 quo
905 4011 1052 4094 fingitur
1074 4014 1172 4095 quod
1195 4016 1311 4080 sancti

320 4135 391 4178 non
415 4114 645 4197 penituerunt
668 4117 713 4179 de
736 4116 806 4179 isto
831 4115 972 4196 delicto,
1008 4126 1045 4179 et
1068 4118 1113 4181 ad
1127 4118 1311 4185 obiectum
1323 4130 1355 4182 35

371 4370 393 4409 4.
409 4356 438 4398 Ba
454 4361 477 4399 et
490 4357 594 4411 epistola.
651 4355 683 4400 15.
699 4354 789 4401 Codd.:
804 4357 959 4413 lrregulnrr'a.
