3008 5026
171 405 235 451 cm.
248 389 292 476 u]
466 410 510 460 ou
531 409 742 461 rorusmrn
763 412 859 462 PAPE.

169 567 297 650 quibus
330 565 605 630 communicabit
637 587 716 631 cum
748 567 911 643 subditis,
944 569 1025 651 quia
1057 570 1159 634 aliter

168 672 260 736 foret
291 670 343 736 eis
375 675 555 737 barbarus.
594 672 670 736 Nec
703 674 770 736 hoc
803 672 943 744 sufficit,
977 693 1056 736 cum
1081 675 1157 739 avis

168 787 294 861 posset
305 796 417 841 voces
432 777 596 859 formare,
611 777 695 842 ideo
709 777 902 860 requiritur
914 778 1037 842 ultimo
1054 778 1158 844 inter·

167 881 327 966 pretacio
367 902 580 965 sermonum,
618 902 698 946 nam
732 883 815 946 viva
851 903 927 947 vox
963 886 1074 948 habet
1111 904 1159 948 ex

142 987 429 1070 §cooperarione
452 986 599 1069 spiritus
622 988 769 1050 multum
792 987 935 1051 latentis
959 988 1115 1070 energie.
1195 1034 1273 1079 m„
1286 1035 1341 1091 ,mu

208 1091 256 1155 Et
287 1099 454 1173 aptantur
485 1092 551 1154 hec
585 1111 717 1155 novem
752 1093 845 1154 dona
883 1091 1078 1175 spiritualia
1114 1094 1160 1158 ad
1181 1088 1366 1184 imm?

167 1197 324 1260 membra
338 1194 481 1259 humani
496 1195 669 1278 corporis,
686 1194 736 1259 ita
751 1197 849 1278 quod
865 1195 1029 1260 trinarius
1045 1197 1159 1280 prime
1187 1192 1214 1236 ⁰f
1225 1193 1264 1236 ¹¹¹⁹
1279 1192 1349 1250 ''⁰⁶5-

166 1299 350 1383 yerarchie
386 1299 670 1381 correspondeat
702 1302 863 1381 cerebro,
899 1300 935 1362 in
968 1319 1041 1383 quo
1076 1311 1161 1365 sunt

166 1414 238 1468 tres
255 1403 446 1468 ventriculi
461 1423 546 1466 vasa
561 1403 759 1468 lucidorum
781 1403 976 1487 spirituum,
1002 1413 1038 1468 et
1060 1404 1158 1488 quin·

124 1529 235 1591 noque
259 1528 426 1573 sensuum
448 1507 665 1586 interiorum,
689 1508 819 1590 quibus
835 1508 1025 1590 sapiencia,
1049 1508 1086 1571 id
1103 1519 1160 1573 est

165 1612 236 1675 Dei
258 1611 401 1694 noticia,
435 1619 612 1694 tamquam
636 1612 690 1674 sol
713 1613 773 1674 vel
798 1610 874 1675 dies
898 1613 943 1674 ad
966 1611 1057 1676 intra
1078 1633 1158 1697 per·

166 1717 303 1800 cipitur.
328 1715 403 1782 Sed
418 1735 553 1799 organa
568 1717 725 1799 quinque
742 1716 928 1799 spirituum
949 1717 1159 1783 situatorum

164 1820 199 1884 in
232 1821 349 1903 capite
379 1820 535 1902 figurant
565 1821 760 1883 secundum
794 1820 955 1904 spiritum
979 1821 1159 1886 dicentem

165 1925 354 1990 scienciam
387 1925 650 2006 mundanorum,
684 1927 813 1988 collum
845 1945 933 1988 vero
972 1926 1071 2007 quod
1104 1935 1160 1992 est

123 2038 154 2090 15
165 2048 341 2112 organum
351 2029 572 2093 vociferandi
588 2029 707 2113 signat
718 2030 849 2093 donum
865 2029 949 2093 fidei
965 2031 1154 2111 exauditu,

164 2137 228 2199 sed
259 2135 296 2199 in
326 2134 475 2217 regione
508 2134 741 2218 pectoralium
773 2154 848 2215 cor,
882 2135 1084 2198 stomachus
1122 2144 1159 2198 et

163 2240 284 2324 pulmo
324 2260 371 2303 ex
407 2240 629 2323 proprietate
669 2241 955 2322 correspondent
997 2240 1157 2303 secundo

164 2344 318 2410 trinario.
362 2343 404 2408 In
435 2344 586 2428 regione
609 2365 696 2408 vero
718 2344 968 2408 nutritivorum
992 2345 1098 2426 splen
1121 2353 1159 2407 et

164 2448 331 2513 intestina
367 2451 653 2533 correspondent
691 2448 802 2512 tercie
840 2447 1035 2532 yerarchie,
1073 2468 1156 2532 ymo

120 2554 256 2618 zosicut
284 2555 486 2638 Apostolus
515 2555 637 2635 factus
668 2560 717 2618 est
754 2556 874 2617 omnia
912 2554 1080 2632 omnibus,
1118 2563 1158 2617 ut

165 2659 281 2723 omnia
295 2658 532 2741 lucrifaceret,
554 2658 605 2722 sic
621 2679 694 2721 non
711 2668 767 2721 est
782 2660 978 2721 membrum
994 2657 1158 2740 ecclesie,

165 2763 250 2847 quin
282 2762 505 2846 pertinenter
536 2763 655 2846 possit
679 2762 878 2845 cuicunque
902 2764 1059 2826 membro
1083 2783 1156 2827 cor·

163 2867 263 2951 poris
288 2867 485 2951 cooperari

206 2971 355 3055 Triplex
386 2981 505 3035 tamen
537 2970 795 3035 conveniencia
827 2979 864 3033 et
895 2970 1030 3053 triplex
1059 2970 1156 3035 diffe·
1231 3001 1303 3047 lnrer·

120 3075 283 3139 25rencia
306 3085 362 3139 est
383 3076 547 3141 notanda.
587 3073 687 3140 Sicut
719 3075 813 3139 enim
844 3077 998 3138 membra
1027 3076 1156 3140 consti·
1175 3054 1206 3150 ⁶51
1222 3055 1365 3160 Ἑῖξὲξξῐῖξ

163 3188 268 3244 tunnt
282 3200 389 3244 unum
406 3200 538 3263 corpus
555 3180 612 3243 cui
630 3179 742 3243 anima
759 3181 953 3263 copulatur,
978 3189 1014 3242 et
1028 3180 1156 3245 iterum

163 3285 256 3350 sicut
272 3305 376 3349 omne
388 3288 581 3349 membrum
601 3294 656 3349 est
667 3285 868 3368 cuicunque
884 3285 1135 3361 necessarium,
1150 3284 1155 3371 Ι

72 3386 136 3446 ¹7⁰⁰
164 3410 243 3454 cum
265 3389 389 3454 iuvant
411 3410 451 3454 se
474 3390 661 3473 reciproce
693 3389 729 3453 in
754 3389 827 3453 suis
853 3388 991 3466 officiis,
1025 3390 1076 3453 sic
1101 3400 1157 3454 est

163 3496 208 3558 de
231 3495 399 3558 membris
423 3495 577 3558 ecclesie
612 3514 659 3558 ex
682 3494 719 3558 vi
743 3494 998 3557 communionis
1023 3503 1059 3558 et
1082 3495 1155 3558 vin-

119 3611 154 3662 30
164 3600 243 3662 culo
283 3599 448 3663 caritatis.
491 3598 619 3662 Tercio
653 3619 741 3662 vero
786 3599 878 3662 sicut
920 3601 1077 3662 membra
1116 3619 1156 3663 se

163 3703 296 3768 habent
317 3704 353 3767 in
377 3723 443 3767 suo
466 3703 651 3786 regimine,
684 3703 734 3766 sic
759 3712 796 3766 et
818 3705 977 3766 membra
993 3703 1155 3784 ecclesie,

164 3827 243 3871 cum
266 3810 461 3872 secundum
485 3807 587 3872 Crist.
605 3806 718 3872 Omel.
735 3807 850 3871 XXII
866 3808 997 3891 Operis
1021 3809 1155 3892 imper·

163 3911 249 3975 fecti
257 3913 358 3976 homo
367 3914 413 3977 sit
420 3914 508 3976 liber
517 3915 671 3994 quidam,
688 3913 746 3975 cui
754 3918 824 3976 tota
833 3914 955 3995 religio
965 3915 1157 3979 christiana

217 4202 256 4250 23.
270 4202 400 4259 Coequrri?
455 4201 492 4247 30.
509 4203 563 4246 uin
580 4216 666 4259 marga
681 4203 818 4247 Membrana.

217 4349 258 4401 33.
278 4346 461 4415 Chrysostomi
483 4347 551 4413 Opp.
573 4348 633 4411 (Ed.
651 4347 751 4413 Migne)
770 4355 827 4396 tom
850 4345 972 4414 V1,751.
