3008 5026
201 389 269 432 cae.
285 377 348 456 tut]
499 393 544 441 DE
563 391 774 442 POTESTATE
793 392 891 441 ΡΑΡΕ.

197 548 455 631 professorem3
486 546 579 610 foret
602 548 770 630 (inquam)
795 548 899 631 copia
927 550 1011 611 cleri
1034 549 1187 632 purgati,

197 660 236 715 ut
251 652 287 715 in
304 651 387 715 vitis
399 660 538 734 patrum
554 651 721 734 priorum,
740 652 835 714 clero
847 650 977 715 Christi
992 653 1186 716 secundum

197 756 271 819 eius
295 756 494 839 privilegia,
518 756 703 819 libertates
721 756 850 819 Christi
875 766 912 819 et
934 759 1078 842 regulas
1103 778 1186 820 con-

195 871 370 925 servante.
381 860 497 923 Nichil
508 861 601 924 enim
616 861 711 934 utile,
729 861 857 924 iustum
874 869 980 943 atque
990 862 1186 943 legitimum

171 973 252 1028 §est
274 964 376 1028 alicui
400 964 505 1029 statui
530 965 683 1028 ecclesie
706 965 765 1027 vel
788 965 869 1048 legi,
894 986 999 1048 quem
1024 965 1186 1030 Christus

193 1067 356 1148 instituit,
386 1069 610 1145 contrarium,
640 1070 896 1154 dampniferum
923 1072 981 1133 vel
1009 1071 1185 1149 nocivum,

194 1173 276 1254 quia
291 1172 342 1236 sic
360 1172 519 1236 Christus
535 1172 630 1237 foret
646 1173 682 1235 in
704 1174 872 1236 membris
893 1182 930 1237 et
952 1173 1093 1256 legibus
1117 1174 1184 1237 sibi

192 1276 261 1359 ipsi
278 1278 484 1343 contrarius.
505 1277 659 1341 Dotacio
676 1278 784 1362 igitur
802 1280 887 1342 cleri
903 1299 975 1342 non
991 1279 1086 1341 foret
1101 1280 1183 1360 plus

100 1390 164 1456 254⁵
191 1379 295 1443 hodie
323 1401 427 1462 quam
455 1390 618 1462 tempore
649 1381 778 1445 Christi
807 1383 982 1446 contraria
1001 1381 1006 1467 Ι
1027 1381 1182 1445 dominio

152 1484 352 1563 roseculari,
382 1494 418 1548 et
444 1486 554 1547 multo
584 1485 791 1549 evidencius
820 1506 892 1549 non
919 1486 1014 1550 foret
1037 1497 1178 1550 conten·

193 1587 289 1651 ciosa
317 1589 491 1651 contraria
518 1589 586 1652 sibi
613 1589 690 1672 ipsi.
728 1590 874 1676 Regum
906 1591 1025 1674 itaque
1055 1601 1110 1655 est
1137 1595 1181 1655 ad
1205 1605 1224 1648 11
1239 1605 1259 1700 ip
1264 1605 1311 1700 ,nu
1325 1603 1382 1698 dgr

192 1692 478 1773 pacificacionem
501 1693 603 1776 regni
626 1694 681 1756 sui
704 1697 792 1758 tales
816 1704 934 1758 sectas
956 1705 993 1759 et
1014 1697 1103 1760 ritus
1120 1716 1180 1761 no·
1199 1670 1239 1764 913
1254 1667 1331 1751 diii?
1341 1719 1391 1805 geu

192 1797 306 1859 vellos
344 1797 565 1882 extinguere.
607 1797 675 1861 Vel
714 1799 816 1862 aliter
855 1802 1035 1882 quomodo
1074 1803 1182 1864 stabit
1216 1770 1370 1859 cc⁵r⁰e⁰1iioii¹cs

192 1904 358 1982 regnum?
386 1902 524 1965 Domus
553 1902 645 1965 enim
673 1923 780 1985 supra
808 1906 949 1967 domum
976 1906 1087 1983 cadet,
1112 1914 1181 1968 tam

150 2006 226 2070 rein
251 2006 546 2070 contencionibus
570 2027 674 2089 quam
702 2008 830 2091 pugnis
854 2008 1094 2090 spiritualibus
1123 2021 1182 2075 aut

192 2109 447 2192 corporalibus
471 2119 541 2172 tam
558 2111 652 2174 inter
669 2110 858 2196 religiosos
876 2133 978 2195 quam
994 2114 1118 2196 laycos
1141 2135 1181 2177 ac

190 2213 337 2293 mixtim,
353 2234 431 2276 cum
446 2213 565 2277 forent
580 2215 648 2277 sibi
660 2215 747 2297 ipsis
759 2215 924 2278 contrarii
941 2237 988 2279 ex
1005 2238 1182 2283 consensu

190 2319 339 2400 peccati,
363 2321 459 2401 quod
484 2319 626 2382 omnino
650 2320 735 2383 facit
751 2320 950 2383 subiectum
970 2323 1180 2385 contrarium

190 2422 258 2485 sibi
272 2421 351 2504 ipsi.
363 2423 439 2486 Nec
450 2423 610 2487 dissonat
620 2424 685 2486 sed
696 2435 869 2488 consonat
879 2425 956 2489 istis
968 2426 1099 2489 dictum
1111 2425 1181 2490 Au-

147 2527 322 2610 zogustini
338 2527 373 2590 in
390 2527 646 2591 deDuodecim
657 2526 1068 2593 GradibusAbusionum
1084 2552 1179 2594 nono

192 2631 347 2713 capitulo
372 2632 433 2695 ubi
457 2632 553 2712 dicit,
582 2636 677 2714 quod
707 2646 823 2715 regem
851 2654 918 2698 uon
941 2637 1098 2716 iniquum
1121 2639 1181 2700 secl

191 2743 416 2800 correctorem
440 2739 638 2817 iniquorum
662 2757 732 2801 esse
754 2744 893 2819 oportet.
918 2739 1002 2803 Inde
1025 2743 1060 2803 iu
1076 2748 1179 2804 seruet

189 2842 260 2920 ipso
275 2842 478 2922 dignitatem
493 2843 549 2904 sui
569 2843 718 2904 nominis
733 2845 925 2921 custodiret,
950 2864 1071 2908 nomeu
1088 2847 1178 2909 euim

189 2947 282 3026 regis
312 2947 581 3009 intellectualiter
609 2949 737 3024 retinet,
769 2953 804 3010 ut
835 2950 991 3013 subiectis
1022 2953 1179 3014 erunibus

145 3051 331 3112 25rectoris
345 3049 498 3131 officium
511 3057 682 3132 procuret.
706 3049 763 3112 Ex
786 3051 856 3114 isto
880 3054 984 3135 plane
1005 3055 1177 3137 sequitur:

189 3150 228 3216 Si
243 3162 341 3216 totus
358 3155 473 3217 clerus
490 3154 592 3238 regni
612 3156 720 3217 habet
743 3155 894 3238 aliquem
916 3177 1042 3240 regem
1066 3180 1177 3235 suum,

188 3258 298 3321 debet
320 3263 471 3324 subesse
496 3259 571 3322 eius
594 3259 766 3342 regimini,
795 3269 834 3322 ut
861 3270 962 3342 patet
988 3281 1098 3345 super
1120 3264 1176 3342 Je-

187 3380 374 3444 ronymum
402 3360 540 3426 Omelia
567 3363 633 3429 XI.
672 3363 944 3447 Consequenter
975 3367 1076 3448 ponit
1108 3367 1176 3431 iste

187 3474 331 3529 sanctus
363 3467 489 3551 viginti
528 3469 615 3530 duas
648 3468 898 3551 proprietates,
937 3491 1005 3551 que
1045 3472 1178 3534 debent

144 3583 177 3633 30
186 3570 333 3652 regibus
350 3572 551 3636 convenire.
580 3573 743 3649 Qualiter,
759 3572 881 3654 inquit,
902 3577 990 3637 ulios
1005 3577 1177 3656 corrigere

183 3678 318 3756 poterit,
349 3678 407 3756 qui
432 3679 598 3759 proprios
630 3695 753 3755 mores,
788 3695 830 3740 ue
861 3679 969 3758 iniqui
1000 3680 1077 3755 siut,
1110 3698 1176 3741 uon

186 3782 339 3862 corrigit,
370 3783 534 3861 qrrouiaru
565 3783 702 3845 iusticie
735 3783 827 3862 regis
854 3783 1024 3845 exaltatur
1049 3784 1175 3845 solium

240 4049 272 4093 ¹9·
293 4037 368 4082 Codd.
398 4042 420 4082 in
445 4050 531 4095 marga
555 4039 618 4095 Regi
638 4040 734 4082 subesse
754 4039 821 4082 debet
843 4039 926 4082 clerus.
1025 4051 1062 4082 20.
1085 4038 1172 4082 Codd.:

185 4106 312 4151 clusionis.
367 4119 403 4162 ²4·
421 4107 496 4152 Codd.
513 4109 535 4152 ln
552 4120 639 4163 marg.:
655 4108 727 4165 Regis
741 4109 890 4152 condiciones
905 4113 939 4150 ἢ.

239 4247 279 4283 20.
293 4233 363 4298 Opp.
376 4242 442 4282 tom.
455 4234 499 4300 Vl,
511 4235 579 4299 App.
594 4250 618 4300 p.
634 4249 692 4296 214.
765 4238 805 4285 30.
826 4234 917 4283 Nonus
931 4232 1065 4283 abusionis
1078 4234 1174 4299 gradus

186 4320 202 4368 l.
221 4335 243 4372 c.
263 4335 287 4385 p.
308 4335 365 4383 2¹4·
