3008 5026
179 400 243 445 cre.
258 383 303 472 n]
474 404 520 456 ue
537 403 751 455 eorusruru
771 406 872 456 eres.

177 559 220 623 II
253 558 411 626 Corinth.
441 558 491 638 X,
529 570 565 623 et
596 559 723 623 iterum
756 561 970 624 confitentur
1002 561 1099 643 qubd
1130 581 1168 626 ve

106 669 153 721 168ι
178 666 247 729 illis
262 667 333 729 nisi
348 665 558 745 edificatorie
573 667 628 729 usi
648 665 653 750 Ι
664 665 803 746 suerint
820 671 990 748 potestate,
1013 676 1054 730 ut
1068 675 1168 749 patet

177 767 203 834 1.
221 767 379 832 Corinth.
396 768 462 850 IX,
485 774 536 831 16:
561 770 604 833 Ve
625 771 721 850 miti,
744 772 776 833 si
797 789 865 833 non
881 771 1165 852 evangelizavero,

178 881 213 936 et
245 873 357 937 tercio
382 873 597 938 confitentur
620 893 659 937 se
693 894 765 938 non
788 876 919 938 audere
948 874 993 938 de
1016 895 1056 938 se
1078 875 1166 958 ipsis

156 977 275 1060 §loqui
298 978 357 1041 vel
381 977 456 1040 aliis
479 976 547 1040 nisi
570 979 667 1061 quod
683 976 843 1042 Christus
870 979 906 1041 in
927 979 979 1042 eis
1000 979 1167 1062 loquitur.

177 1080 265 1144 Nam
288 1082 394 1145 Rom.
417 1080 499 1163 XV,
528 1087 564 1145 18
598 1082 646 1145 ait
676 1083 894 1166 Apostolus:
925 1083 1012 1158 Non,
1044 1083 1167 1166 inquit,

177 1187 286 1250 audeo
310 1188 443 1267 aliquid
465 1189 558 1269 loqui
581 1206 712 1262 eorum,
734 1207 797 1269 que
814 1207 881 1270 per
901 1208 955 1252 me
977 1208 1044 1253 non
1061 1190 1168 1273 effecit

179 1288 342 1356 Christus
372 1289 534 1354 Stulticia
555 1291 664 1373 igitur
686 1291 790 1372 foret,
814 1294 1021 1376 episcopum
1045 1312 1168 1356 cecum

176 1394 409 1458 infundabilia
431 1405 469 1459 et
483 1395 715 1479 inopinabilia
731 1397 776 1458 de
797 1417 836 1461 se
853 1397 934 1480 ipso
951 1417 1166 1481 presumere.

143 1525 168 1559 ιο
220 1499 541 1583 Quantumcunque
573 1501 693 1584 itaque
728 1501 837 1565 fuerit
863 1522 1013 1586 magnus
1037 1502 1197 1568 ChristiA
1213 1513 1298 1570 simale
1313 1516 1385 1569 pum

179 1604 381 1689 episcopus,
406 1626 478 1669 non
500 1616 624 1689 potest
647 1627 859 1690 quemquam
887 1609 1076 1673 absolvere
1099 1607 1167 1671 nisi
1196 1568 1368 1663 aiiiliiiciifio

178 1711 221 1773 de
257 1720 390 1793 quanto
423 1710 599 1775 contritus
630 1712 730 1794 prius
769 1722 806 1775 et
839 1714 1023 1777 absolutus
1060 1711 1169 1775 fuerit
1187 1675 1376 1822 ¹hieiJi²i¹iie⁸⁸

178 1816 273 1898 apud
287 1816 420 1890 Deum;
445 1826 482 1880 et
496 1825 581 1879 tunc
598 1816 740 1881 videtur
756 1817 873 1881 multis
890 1818 988 1901 quod
1003 1818 1048 1879 de
1068 1824 1167 1880 tanto
1261 1791 1313 1836 σμ’

179 1919 327 2002 quilibet
349 1920 503 2003 simplex
526 1922 692 1985 sacerdos
715 1931 843 2004 posset
862 1923 1059 2002 absolvere,
1083 1941 1167 2004 ymo

144 2024 279 2106 15quasi
311 2025 485 2089 contritus
518 2045 643 2089 secure
676 2027 884 2108 absolvitur,
919 2028 988 2090 etsi
1019 2028 1169 2089 humana

179 2129 360 2193 absolucio
392 2149 465 2194 non
497 2138 677 2213 sequatur,
710 2131 887 2195 dimittere
915 2141 1032 2195 autem
1070 2150 1167 2194 suam

178 2232 335 2297 iniuriam
359 2235 452 2300 sicut
474 2244 661 2318 peccatum
684 2235 719 2299 in
741 2235 859 2320 ipsum
877 2245 1001 2320 potest
1017 2235 1169 2320 quilibet

179 2337 387 2402 christianus
404 2359 497 2422 eque
517 2341 624 2423 plene
640 2350 679 2404 ut
693 2360 797 2423 papa,
818 2341 910 2405 sicut
925 2341 1029 2424 ponit
1043 2341 1167 2404 Matth.

178 2441 229 2505 VI
263 2451 300 2505 et
327 2443 469 2508 XVIII.
508 2442 695 2525 Quomodo
728 2443 838 2530 igitur
870 2447 1019 2510 auderet
1042 2445 1167 2528 aliquis

143 2545 297 2610 rodicere
330 2549 429 2630 quod
455 2548 535 2632 ipse
566 2550 675 2612 habet
698 2549 924 2631 singulariter
950 2559 1167 2633 potestatem

178 2652 389 2716 absolvendi
421 2673 681 2736 quemcumque
712 2664 940 2737 peccatorem
972 2675 1108 2739 apena
1132 2664 1169 2718 et

179 2776 198 2818 a
220 2759 344 2841 culpa?
382 2759 530 2822 Revera
551 2758 647 2822 foret
669 2758 771 2823 nimis
796 2759 1011 2840 damnabilis,
1035 2759 1095 2843 qui
1125 2761 1168 2822 ad

178 2862 429 2927 detrimentum
462 2862 615 2927 ecclesie
649 2871 785 2927 tantum
819 2864 1019 2928 incarcerat
1049 2863 1166 2927 huius-

178 2967 273 3030 modi
296 2974 524 3050 potestatem.

141 3082 168 3130 25
219 3071 267 3134 Et
283 3070 512 3135 conformiter
528 3069 657 3134 dicitur
669 3072 714 3134 de
730 3079 912 3154 potestate
926 3072 1166 3135 excommuni·
1223 3105 1256 3149 so
1271 3117 1297 3147 .,
1311 3111 1335 3148 to

178 3175 279 3239 candi
302 3177 361 3240 vel
385 3176 556 3259 puniendi
580 3176 776 3240 subiectos.
805 3174 919 3239 Nemo
943 3177 1035 3240 enim
1058 3158 1378 3260 habetoeitgffiuffi,

177 3291 217 3345 ut
231 3283 426 3344 membrum
437 3279 568 3345 Christi
583 3288 802 3364 potestatem
817 3280 988 3364 puniendi
1005 3280 1166 3364 aliquem,
1187 3262 1228 3356 '¹33'
1238 3264 1375 3370 ζ’ἧῗήξζῖζῗ

177 3385 244 3450 nisi
267 3387 312 3449 de
328 3394 470 3469 quanto
493 3386 595 3449 Deus
618 3386 718 3469 prius
740 3384 906 3469 punierit,
931 3386 1030 3468 quod
1052 3387 1082 3449 si
1106 3407 1165 3449 ex·
1202 3367 1350 3463 ὼὸζέᾞξῗ

179 3490 280 3572 cedit,
303 3490 407 3574 punit
421 3499 462 3554 ut
476 3499 589 3554 tortor
605 3490 760 3573 dyaboli.
784 3490 831 3553 Et
845 3490 926 3553 hinc
943 3490 1028 3554 dicit
1043 3493 1167 3574 Augu·
1217 3472 1340 3579 ρξξῑζῇἶξ,

139 3594 290 3659 tostinus
320 3597 358 3659 in
389 3599 446 3661 De
477 3597 700 3662 Mirabilibus
732 3597 915 3682 Scripture
948 3618 1023 3681 cap.
1055 3596 1167 3660 XVII

178 3703 274 3784 quod
298 3701 401 3767 Isaac
427 3704 593 3767 benedixit
624 3723 692 3767 non
720 3703 814 3767 Esau
846 3723 946 3785 quem
969 3704 1085 3779 voluit,
1107 3703 1168 3765 sed

229 3989 251 4022 a.
266 3979 288 4022 Α
303 3977 326 4021 in
342 3989 428 4033 marga
448 3977 588 4022 Potestatem
602 3979 703 4034 aposloli
717 3991 787 4034 quam
804 3991 830 4022 re
843 3980 923 4023 dicunt
936 3978 1029 4022 habere.
1086 3990 1118 4022 ιο.
1137 3979 1166 4021 B:

177 4049 209 4092 ita
216 4049 306 4104 suerit,
362 4059 399 4092 ao.
411 4050 444 4091 A:
458 4049 565 4091 similiter
572 4053 727 4104 potestatem,¹
743 4048 783 4092 AB
794 4048 817 4092 in
829 4061 916 4104 marga
932 4048 1055 4092 Dimittere
1061 4053 1165 4103 peccata.

178 4131 214 4176 29.
231 4121 260 4162 B:
276 4116 313 4161 Ex
327 4118 388 4162 lu'nc.

230 4266 270 4316 31.
294 4264 401 4314 Rectius
421 4263 598 4325 Quaestiones
624 4279 655 4314 ex
680 4265 761 4314 veteri
788 4272 956 4314 testamento,
983 4264 1113 4324 Quaestio
1131 4263 1164 4312 XI

178 4355 247 4420 Opp.
266 4365 331 4403 tom.
351 4353 391 4412 ΙΙΙ,
413 4366 435 4416 2,
457 4352 531 4402 1030.
