<?xml version="1.0" encoding="UTF-8"?>
<!DOCTYPE html PUBLIC "-//W3C//DTD XHTML 1.0 Transitional//EN"
    "http://www.w3.org/TR/xhtml1/DTD/xhtml1-transitional.dtd">
<html xmlns="http://www.w3.org/1999/xhtml" xml:lang="en" lang="en">
 <head>
  <title>
</title>
<meta http-equiv="Content-Type" content="text/html;charset=utf-8" />
  <meta name='ocr-system' content='tesseract 3.04.00' />
  <meta name='ocr-capabilities' content='ocr_page ocr_carea ocr_par ocr_line ocrx_word'/>
</head>
<body>
  <div class='ocr_page' id='page_1' title='image "./johanniswyclift00mattgoog/johanniswyclift00mattgoog_0139.png"; bbox 0 0 3008 5026; ppageno 0'>
   <div class='ocr_carea' id='block_1_1' title="bbox 103 364 1301 454">
    <p class='ocr_par' dir='ltr' id='par_1_1' title="bbox 103 364 1301 454">
     <span class='ocr_line' id='line_1_1' title="bbox 103 364 1301 454; baseline -0.026 0"><span class='ocrx_word' id='word_1_1' title='bbox 103 377 141 454; x_wconf 77' lang='lat'><strong>7⁶</strong></span> <span class='ocrx_word' id='word_1_2' title='bbox 640 385 810 437; x_wconf 57' lang='lat' dir='ltr'><strong>tonitruis</strong></span> <span class='ocrx_word' id='word_1_3' title='bbox 829 383 968 436; x_wconf 72' lang='lat' dir='ltr'><strong>wreus</strong></span> <span class='ocrx_word' id='word_1_4' title='bbox 1158 364 1240 453; x_wconf 71' lang='lat' dir='ltr'><strong>[car.</strong></span> <span class='ocrx_word' id='word_1_5' title='bbox 1260 380 1301 425; x_wconf 79' lang='grc' dir='ltr'><strong>ιν.</strong></span> 
     </span>
    </p>
   </div>
   <div class='ocr_carea' id='block_1_2' title="bbox 116 541 1305 756">
    <p class='ocr_par' dir='ltr' id='par_1_2' title="bbox 116 541 1305 756">
     <span class='ocr_line' id='line_1_2' title="bbox 315 541 1305 629; baseline -0.004 -21"><span class='ocrx_word' id='word_1_6' title='bbox 315 545 431 629; x_wconf 90' lang='lat' dir='ltr'><strong>primo</strong></span> <span class='ocrx_word' id='word_1_7' title='bbox 465 554 501 607; x_wconf 90' lang='lat' dir='ltr'><strong>et</strong></span> <span class='ocrx_word' id='word_1_8' title='bbox 532 545 634 615; x_wconf 67' lang='lat' dir='ltr'><strong>infra</strong></span> <span class='ocrx_word' id='word_1_9' title='bbox 667 545 745 624; x_wconf 88' lang='lat' dir='ltr'><strong>Joh.</strong></span> <span class='ocrx_word' id='word_1_10' title='bbox 777 543 812 606; x_wconf 92' lang='lat' dir='ltr'><strong>in</strong></span> <span class='ocrx_word' id='word_1_11' title='bbox 836 544 937 625; x_wconf 89' lang='lat' dir='ltr'><strong>Asya</strong></span> <span class='ocrx_word' id='word_1_12' title='bbox 968 541 1092 605; x_wconf 88' lang='lat' dir='ltr'><strong>minori</strong></span> <span class='ocrx_word' id='word_1_13' title='bbox 1128 541 1187 604; x_wconf 90' lang='lat' dir='ltr'><strong>diu</strong></span> <span class='ocrx_word' id='word_1_14' title='bbox 1220 550 1305 625; x_wconf 93' lang='lat' dir='ltr'><strong>post</strong></span> 
     </span>
     <span class='ocr_line' id='line_1_3' title="bbox 116 645 1303 756; baseline -0.01 -36"><span class='ocrx_word' id='word_1_15' title='bbox 116 646 292 756; x_wconf 52' lang='lat' dir='ltr'><strong>,fiigcffig&#39;ffgg</strong></span> <span class='ocrx_word' id='word_1_16' title='bbox 316 649 415 714; x_wconf 87' lang='lat' dir='ltr'><strong>Petri</strong></span> <span class='ocrx_word' id='word_1_17' title='bbox 446 648 644 713; x_wconf 88' lang='lat' dir='ltr'><strong>martirium.</strong></span> <span class='ocrx_word' id='word_1_18' title='bbox 685 649 761 712; x_wconf 92' lang='lat' dir='ltr'><strong>Nec</strong></span> <span class='ocrx_word' id='word_1_19' title='bbox 786 647 947 731; x_wconf 90' lang='lat' dir='ltr'><strong>oportuit</strong></span> <span class='ocrx_word' id='word_1_20' title='bbox 969 649 1028 710; x_wconf 91' lang='lat' dir='ltr'><strong>vel</strong></span> <span class='ocrx_word' id='word_1_21' title='bbox 1052 646 1172 710; x_wconf 87' lang='lat' dir='ltr'>decuit</span> <span class='ocrx_word' id='word_1_22' title='bbox 1194 645 1303 726; x_wconf 87' lang='lat' dir='ltr'><strong>illum,</strong></span> 
     </span>
    </p>
   </div>
   <div class='ocr_carea' id='block_1_3' title="bbox 107 748 1305 858">
    <p class='ocr_par' dir='ltr' id='par_1_3' title="bbox 107 748 1305 858">
     <span class='ocr_line' id='line_1_4' title="bbox 107 748 1305 858; baseline -0.003 -42"><span class='ocrx_word' id='word_1_23' title='bbox 107 750 301 858; x_wconf 51' lang='lat' dir='ltr'><strong>„„,ggffffgf„ng</strong></span> <span class='ocrx_word' id='word_1_24' title='bbox 317 753 377 836; x_wconf 93' lang='lat' dir='ltr'><strong>qui</strong></span> <span class='ocrx_word' id='word_1_25' title='bbox 420 761 490 816; x_wconf 88' lang='lat' dir='ltr'><strong>tam</strong></span> <span class='ocrx_word' id='word_1_26' title='bbox 534 755 678 816; x_wconf 88' lang='lat' dir='ltr'><strong>crebras</strong></span> <span class='ocrx_word' id='word_1_27' title='bbox 719 751 965 816; x_wconf 88' lang='lat' dir='ltr'><strong>revelaciones</strong></span> <span class='ocrx_word' id='word_1_28' title='bbox 1004 748 1156 833; x_wconf 87' lang='lat' dir='ltr'><strong>Spiritus</strong></span> <span class='ocrx_word' id='word_1_29' title='bbox 1181 748 1305 814; x_wconf 88' lang='lat' dir='ltr'><strong>Sancti</strong></span> 
     </span>
    </p>
   </div>
   <div class='ocr_carea' id='block_1_4' title="bbox 126 854 1387 3758">
    <p class='ocr_par' dir='ltr' id='par_1_4' title="bbox 126 854 1348 1674">
     <span class='ocr_line' id='line_1_5' title="bbox 126 854 1303 953; baseline -0.003 -33"><span class='ocrx_word' id='word_1_30' title='bbox 126 856 274 953; x_wconf 49' lang='lat' dir='ltr'><strong>„¹0ng253,</strong></span> <span class='ocrx_word' id='word_1_31' title='bbox 315 857 448 940; x_wconf 86' lang='lat' dir='ltr'>habuit,</span> <span class='ocrx_word' id='word_1_32' title='bbox 465 858 644 941; x_wconf 90' lang='lat' dir='ltr'><strong>quomodo</strong></span> <span class='ocrx_word' id='word_1_33' title='bbox 661 857 838 940; x_wconf 83' lang='lat' dir='ltr'><strong>agendum</strong></span> <span class='ocrx_word' id='word_1_34' title='bbox 854 855 970 935; x_wconf 89' lang='lat' dir='ltr'><strong>fuerit,</strong></span> <span class='ocrx_word' id='word_1_35' title='bbox 987 874 1138 937; x_wconf 86' lang='lat' dir='ltr'>querere</span> <span class='ocrx_word' id='word_1_36' title='bbox 1154 854 1303 918; x_wconf 88' lang='lat' dir='ltr'><strong>instruc-</strong></span> 
     </span>
     <span class='ocr_line' id='line_1_6' title="bbox 316 959 1328 1026; baseline -0.005 -1"><span class='ocrx_word' id='word_1_37' title='bbox 316 962 453 1026; x_wconf 89' lang='lat' dir='ltr'><strong>cionem</strong></span> <span class='ocrx_word' id='word_1_38' title='bbox 487 985 507 1025; x_wconf 88' lang='lat' dir='ltr'><strong>a</strong></span> <span class='ocrx_word' id='word_1_39' title='bbox 539 983 603 1026; x_wconf 90' lang='lat' dir='ltr'><strong>suo</strong></span> <span class='ocrx_word' id='word_1_40' title='bbox 637 982 812 1025; x_wconf 89' lang='lat' dir='ltr'><strong>conservo</strong></span> <span class='ocrx_word' id='word_1_41' title='bbox 857 970 893 1024; x_wconf 91' lang='lat' dir='ltr'><strong>et</strong></span> <span class='ocrx_word' id='word_1_42' title='bbox 917 960 1086 1023; x_wconf 88' lang='lat' dir='ltr'><strong>consocio</strong></span> <span class='ocrx_word' id='word_1_43' title='bbox 1109 959 1220 1023; x_wconf 91' lang='lat' dir='ltr'><strong>Petro</strong></span> <span class='ocrx_word' id='word_1_44' title='bbox 1243 960 1328 1021; x_wconf 67' lang='lat' dir='ltr'><strong>velt</strong></span> 
     </span>
     <span class='ocr_line' id='line_1_7' title="bbox 316 1063 1304 1149; baseline -0.004 -19"><span class='ocrx_word' id='word_1_45' title='bbox 316 1066 392 1131; x_wconf 92' lang='lat' dir='ltr'><strong>eius</strong></span> <span class='ocrx_word' id='word_1_46' title='bbox 423 1066 555 1130; x_wconf 87' lang='lat' dir='ltr'><strong>vicario</strong></span> <span class='ocrx_word' id='word_1_47' title='bbox 588 1067 647 1149; x_wconf 93' lang='lat' dir='ltr'><strong>qui</strong></span> <span class='ocrx_word' id='word_1_48' title='bbox 678 1064 918 1130; x_wconf 90' lang='lat' dir='ltr'><strong>instruccione</strong></span> <span class='ocrx_word' id='word_1_49' title='bbox 951 1064 1109 1127; x_wconf 89' lang='lat' dir='ltr'><strong>eiusdem</strong></span> <span class='ocrx_word' id='word_1_50' title='bbox 1141 1063 1304 1146; x_wconf 83' lang='lat' dir='ltr'><strong>magistri</strong></span> 
     </span>
     <span class='ocr_line' id='line_1_8' title="bbox 314 1168 1302 1257; baseline -0.005 -22"><span class='ocrx_word' id='word_1_51' title='bbox 314 1171 476 1257; x_wconf 84' lang='lat' dir='ltr'><strong>indiguit.</strong></span> <span class='ocrx_word' id='word_1_52' title='bbox 500 1172 546 1234; x_wconf 90' lang='lat' dir='ltr'><strong>Et</strong></span> <span class='ocrx_word' id='word_1_53' title='bbox 567 1172 661 1234; x_wconf 92' lang='lat' dir='ltr'><strong>idem</strong></span> <span class='ocrx_word' id='word_1_54' title='bbox 686 1180 742 1234; x_wconf 89' lang='lat' dir='ltr'><strong>est</strong></span> <span class='ocrx_word' id='word_1_55' title='bbox 764 1170 932 1233; x_wconf 91' lang='lat' dir='ltr'><strong>iudicium</strong></span> <span class='ocrx_word' id='word_1_56' title='bbox 953 1171 998 1233; x_wconf 90' lang='lat' dir='ltr'><strong>de</strong></span> <span class='ocrx_word' id='word_1_57' title='bbox 1015 1177 1139 1233; x_wconf 87' lang='lat' dir='ltr'><strong>sancto</strong></span> <span class='ocrx_word' id='word_1_58' title='bbox 1155 1168 1302 1246; x_wconf 87' lang='lat' dir='ltr'><strong>Thoma,</strong></span> 
     </span>
     <span class='ocr_line' id='line_1_9' title="bbox 316 1272 1303 1359; baseline -0.005 -19"><span class='ocrx_word' id='word_1_59' title='bbox 316 1278 457 1359; x_wconf 94' lang='lat' dir='ltr'><strong>quando</strong></span> <span class='ocrx_word' id='word_1_60' title='bbox 482 1275 643 1339; x_wconf 88' lang='lat' dir='ltr'><strong>Christus</strong></span> <span class='ocrx_word' id='word_1_61' title='bbox 672 1276 708 1338; x_wconf 93' lang='lat' dir='ltr'><strong>in</strong></span> <span class='ocrx_word' id='word_1_62' title='bbox 730 1275 810 1338; x_wconf 85' lang='lat' dir='ltr'><strong>foro</strong></span> <span class='ocrx_word' id='word_1_63' title='bbox 834 1274 1010 1339; x_wconf 86' lang='lat' dir='ltr'><strong>venalium</strong></span> <span class='ocrx_word' id='word_1_64' title='bbox 1034 1272 1200 1357; x_wconf 87' lang='lat' dir='ltr'><strong>precepit</strong></span> <span class='ocrx_word' id='word_1_65' title='bbox 1223 1273 1303 1355; x_wconf 90' lang='lat' dir='ltr'><strong>sibi,</strong></span> 
     </span>
     <span class='ocr_line' id='line_1_10' title="bbox 317 1377 1303 1463; baseline -0.002 -19"><span class='ocrx_word' id='word_1_66' title='bbox 317 1383 413 1463; x_wconf 91' lang='lat' dir='ltr'><strong>quod</strong></span> <span class='ocrx_word' id='word_1_67' title='bbox 449 1381 616 1444; x_wconf 87' lang='lat' dir='ltr'><strong>transiret</strong></span> <span class='ocrx_word' id='word_1_68' title='bbox 653 1379 687 1442; x_wconf 95' lang='lat' dir='ltr'><strong>in</strong></span> <span class='ocrx_word' id='word_1_69' title='bbox 723 1379 883 1462; x_wconf 90' lang='lat' dir='ltr'><strong>Yndiam,</strong></span> <span class='ocrx_word' id='word_1_70' title='bbox 924 1388 960 1442; x_wconf 90' lang='lat' dir='ltr'><strong>et</strong></span> <span class='ocrx_word' id='word_1_71' title='bbox 997 1378 1049 1442; x_wconf 91' lang='lat' dir='ltr'><strong>sic</strong></span> <span class='ocrx_word' id='word_1_72' title='bbox 1088 1380 1133 1442; x_wconf 93' lang='lat' dir='ltr'><strong>de</strong></span> <span class='ocrx_word' id='word_1_73' title='bbox 1173 1377 1303 1443; x_wconf 85' lang='lat' dir='ltr'><strong>ceteris</strong></span> 
     </span>
     <span class='ocr_line' id='line_1_11' title="bbox 316 1482 1348 1569; baseline -0.004 -19"><span class='ocrx_word' id='word_1_74' title='bbox 316 1488 497 1569; x_wconf 87' lang='lat' dir='ltr'><strong>apostolis,</strong></span> <span class='ocrx_word' id='word_1_75' title='bbox 522 1493 561 1548; x_wconf 92' lang='lat' dir='ltr'><strong>ut</strong></span> <span class='ocrx_word' id='word_1_76' title='bbox 584 1493 684 1567; x_wconf 87' lang='lat' dir='ltr'><strong>patet</strong></span> <span class='ocrx_word' id='word_1_77' title='bbox 708 1504 754 1547; x_wconf 85' lang='lat' dir='ltr'><strong>ex</strong></span> <span class='ocrx_word' id='word_1_78' title='bbox 775 1485 872 1547; x_wconf 88' lang='lat' dir='ltr'><strong>fideii</strong></span> <span class='ocrx_word' id='word_1_79' title='bbox 894 1504 1016 1547; x_wconf 90' lang='lat' dir='ltr'><strong>eorum</strong></span> <span class='ocrx_word' id='word_1_80' title='bbox 1034 1482 1175 1547; x_wconf 89' lang='lat' dir='ltr'><strong>cronica</strong></span> <span class='ocrx_word' id='word_1_81' title='bbox 1199 1503 1348 1566; x_wconf 86' lang='lat' dir='ltr'><strong>quam10</strong></span> 
     </span>
     <span class='ocr_line' id='line_1_12' title="bbox 315 1588 915 1674; baseline -0.002 -21"><span class='ocrx_word' id='word_1_82' title='bbox 315 1590 405 1674; x_wconf 81' lang='lat' dir='ltr'><strong>legit</strong></span> <span class='ocrx_word' id='word_1_83' title='bbox 428 1599 464 1653; x_wconf 90' lang='lat' dir='ltr'><strong>et</strong></span> <span class='ocrx_word' id='word_1_84' title='bbox 487 1588 732 1672; x_wconf 87' lang='lat' dir='ltr'><strong>sollempnizat</strong></span> <span class='ocrx_word' id='word_1_85' title='bbox 756 1589 915 1653; x_wconf 90' lang='lat' dir='ltr'><strong>ecclesia.</strong></span> 
     </span>
    </p>

    <p class='ocr_par' dir='ltr' id='par_1_5' title="bbox 315 1691 1387 3758">
     <span class='ocr_line' id='line_1_13' title="bbox 358 1691 1304 1773; baseline -0.002 -16"><span class='ocrx_word' id='word_1_86' title='bbox 358 1694 465 1757; x_wconf 87' lang='lat' dir='ltr'><strong>Unde</strong></span> <span class='ocrx_word' id='word_1_87' title='bbox 487 1693 675 1773; x_wconf 89' lang='lat' dir='ltr'><strong>Januensis</strong></span> <span class='ocrx_word' id='word_1_88' title='bbox 707 1692 742 1755; x_wconf 90' lang='lat' dir='ltr'><strong>in</strong></span> <span class='ocrx_word' id='word_1_89' title='bbox 775 1713 839 1756; x_wconf 93' lang='lat' dir='ltr'><strong>suo</strong></span> <span class='ocrx_word' id='word_1_90' title='bbox 863 1691 1082 1756; x_wconf 92' lang='lat' dir='ltr'><strong>Katholicon</strong></span> <span class='ocrx_word' id='word_1_91' title='bbox 1115 1700 1233 1755; x_wconf 90' lang='lat' dir='ltr'><strong>narrat</strong></span> <span class='ocrx_word' id='word_1_92' title='bbox 1257 1712 1304 1755; x_wconf 83' lang='lat' dir='ltr'><strong>ex</strong></span> 
     </span>
     <span class='ocr_line' id='line_1_14' title="bbox 316 1796 1387 1882; baseline -0.007 -21"><span class='ocrx_word' id='word_1_93' title='bbox 316 1800 464 1880; x_wconf 90' lang='lat' dir='ltr'><strong>quadam</strong></span> <span class='ocrx_word' id='word_1_94' title='bbox 489 1798 630 1861; x_wconf 90' lang='lat' dir='ltr'><strong>cronica</strong></span> <span class='ocrx_word' id='word_1_95' title='bbox 646 1797 876 1861; x_wconf 86' lang='lat' dir='ltr'><strong>conformiter</strong></span> <span class='ocrx_word' id='word_1_96' title='bbox 895 1796 900 1882; x_wconf 80' lang='grc' dir='ltr'>Ι</span> <span class='ocrx_word' id='word_1_97' title='bbox 920 1798 965 1860; x_wconf 90' lang='lat' dir='ltr'><strong>ad</strong></span> <span class='ocrx_word' id='word_1_98' title='bbox 982 1805 1121 1860; x_wconf 91' lang='lat' dir='ltr'><strong>cantum</strong></span> <span class='ocrx_word' id='word_1_99' title='bbox 1138 1796 1303 1876; x_wconf 89' lang='lat' dir='ltr'><strong>ecclesie,</strong></span> <span class='ocrx_word' id='word_1_100' title='bbox 1335 1807 1387 1870; x_wconf 77' lang='lat'><strong>¹79⁸</strong></span> 
     </span>
     <span class='ocr_line' id='line_1_15' title="bbox 316 1904 1304 1984; baseline -0.001 -18"><span class='ocrx_word' id='word_1_101' title='bbox 316 1905 496 1984; x_wconf 90' lang='lat' dir='ltr'><strong>quomodo</strong></span> <span class='ocrx_word' id='word_1_102' title='bbox 534 1904 680 1984; x_wconf 84' lang='lat' dir='ltr'><strong>apostoli</strong></span> <span class='ocrx_word' id='word_1_103' title='bbox 711 1922 777 1984; x_wconf 83' lang='lat' dir='ltr'><strong>per</strong></span> <span class='ocrx_word' id='word_1_104' title='bbox 814 1904 928 1966; x_wconf 85' lang='lat' dir='ltr'><strong>orbem</strong></span> <span class='ocrx_word' id='word_1_105' title='bbox 961 1908 1040 1984; x_wconf 85' lang='lat' dir='ltr'><strong>post</strong></span> <span class='ocrx_word' id='word_1_106' title='bbox 1071 1904 1304 1965; x_wconf 80' lang='lat' dir='ltr'><strong>ascensionem</strong></span> 
     </span>
     <span class='ocr_line' id='line_1_16' title="bbox 316 2006 1347 2089; baseline -0.007 -19"><span class='ocrx_word' id='word_1_107' title='bbox 316 2006 459 2070; x_wconf 80' lang='lat' dir='ltr'><strong>Domini</strong></span> <span class='ocrx_word' id='word_1_108' title='bbox 472 2013 551 2071; x_wconf 85' lang='lat' dir='ltr'><strong>suni</strong></span> <span class='ocrx_word' id='word_1_109' title='bbox 565 2008 729 2089; x_wconf 85' lang='lat' dir='ltr'><strong>dispersi:</strong></span> <span class='ocrx_word' id='word_1_110' title='bbox 744 2007 866 2070; x_wconf 85' lang='lat' dir='ltr'><strong>Petrus</strong></span> <span class='ocrx_word' id='word_1_111' title='bbox 876 2007 1022 2070; x_wconf 83' lang='lat' dir='ltr'><strong>Romam</strong></span> <span class='ocrx_word' id='word_1_112' title='bbox 1034 2008 1131 2079; x_wconf 86' lang='lat' dir='ltr'><strong>acuit,</strong></span> <span class='ocrx_word' id='word_1_113' title='bbox 1143 2006 1305 2070; x_wconf 82' lang='lat' dir='ltr'><strong>Andreas</strong></span> <span class='ocrx_word' id='word_1_114' title='bbox 1319 2012 1347 2063; x_wconf 83' lang='lat'><strong>15</strong></span> 
     </span>
     <span class='ocr_line' id='line_1_17' title="bbox 316 2109 1303 2192; baseline 0 -18"><span class='ocrx_word' id='word_1_115' title='bbox 316 2111 484 2175; x_wconf 84' lang='lat' dir='ltr'><strong>Achaiam</strong></span> <span class='ocrx_word' id='word_1_116' title='bbox 501 2117 532 2175; x_wconf 89' lang='lat' dir='ltr'><strong>et</strong></span> <span class='ocrx_word' id='word_1_117' title='bbox 546 2116 684 2192; x_wconf 85' lang='lat' dir='ltr'><strong>uterquc</strong></span> <span class='ocrx_word' id='word_1_118' title='bbox 699 2113 746 2174; x_wconf 88' lang='lat' dir='ltr'><strong>ibi</strong></span> <span class='ocrx_word' id='word_1_119' title='bbox 761 2112 983 2192; x_wconf 81' lang='lat' dir='ltr'><strong>crucifigitur,</strong></span> <span class='ocrx_word' id='word_1_120' title='bbox 1004 2111 1177 2174; x_wconf 80' lang='lat' dir='ltr'><strong>Johanucs</strong></span> <span class='ocrx_word' id='word_1_121' title='bbox 1191 2109 1303 2192; x_wconf 85' lang='lat' dir='ltr'><strong>Ephe-</strong></span> 
     </span>
     <span class='ocr_line' id='line_1_18' title="bbox 316 2215 1303 2298; baseline 0 -20"><span class='ocrx_word' id='word_1_122' title='bbox 316 2236 392 2279; x_wconf 90' lang='lat' dir='ltr'><strong>sum</strong></span> <span class='ocrx_word' id='word_1_123' title='bbox 418 2218 514 2279; x_wconf 73' lang='lat' dir='ltr'><strong>viius</strong></span> <span class='ocrx_word' id='word_1_124' title='bbox 536 2217 643 2279; x_wconf 84' lang='lat' dir='ltr'><strong>intrat</strong></span> <span class='ocrx_word' id='word_1_125' title='bbox 664 2217 869 2298; x_wconf 83' lang='lat' dir='ltr'><strong>sepulcrum,</strong></span> <span class='ocrx_word' id='word_1_126' title='bbox 892 2215 1040 2279; x_wconf 85' lang='lat' dir='ltr'><strong>Jacobus</strong></span> <span class='ocrx_word' id='word_1_127' title='bbox 1063 2217 1178 2279; x_wconf 90' lang='lat' dir='ltr'><strong>maior</strong></span> <span class='ocrx_word' id='word_1_128' title='bbox 1196 2215 1303 2278; x_wconf 85' lang='lat' dir='ltr'><strong>Jeru-</strong></span> 
     </span>
     <span class='ocr_line' id='line_1_19' title="bbox 316 2320 1304 2402; baseline -0.001 -18"><span class='ocrx_word' id='word_1_129' title='bbox 316 2321 449 2384; x_wconf 86' lang='lat' dir='ltr'><strong>solimis</strong></span> <span class='ocrx_word' id='word_1_130' title='bbox 473 2323 668 2402; x_wconf 81' lang='lat' dir='ltr'><strong>decollatur,</strong></span> <span class='ocrx_word' id='word_1_131' title='bbox 691 2321 835 2383; x_wconf 77' lang='lat' dir='ltr'><strong>Thomas</strong></span> <span class='ocrx_word' id='word_1_132' title='bbox 857 2322 893 2382; x_wconf 88' lang='lat' dir='ltr'><strong>iu</strong></span> <span class='ocrx_word' id='word_1_133' title='bbox 916 2320 1028 2383; x_wconf 88' lang='lat' dir='ltr'><strong>Yndia</strong></span> <span class='ocrx_word' id='word_1_134' title='bbox 1044 2323 1162 2383; x_wconf 89' lang='lat' dir='ltr'><strong>laucea</strong></span> <span class='ocrx_word' id='word_1_135' title='bbox 1185 2325 1304 2383; x_wconf 85' lang='lat' dir='ltr'><strong>traus-</strong></span> 
     </span>
     <span class='ocr_line' id='line_1_20' title="bbox 316 2423 1306 2507; baseline 0 -20"><span class='ocrx_word' id='word_1_136' title='bbox 316 2425 454 2507; x_wconf 78' lang='lat' dir='ltr'><strong>sigitur,</strong></span> <span class='ocrx_word' id='word_1_137' title='bbox 486 2423 666 2505; x_wconf 83' lang='lat' dir='ltr'><strong>Philippus</strong></span> <span class='ocrx_word' id='word_1_138' title='bbox 697 2426 732 2486; x_wconf 87' lang='lat' dir='ltr'><strong>iu</strong></span> <span class='ocrx_word' id='word_1_139' title='bbox 756 2423 877 2505; x_wconf 80' lang='lat' dir='ltr'><strong>Frigia</strong></span> <span class='ocrx_word' id='word_1_140' title='bbox 900 2425 1124 2506; x_wconf 80' lang='lat' dir='ltr'><strong>crucifigitur,</strong></span> <span class='ocrx_word' id='word_1_141' title='bbox 1156 2424 1306 2487; x_wconf 85' lang='lat' dir='ltr'><strong>Jacobus</strong></span> 
     </span>
     <span class='ocr_line' id='line_1_21' title="bbox 316 2527 1349 2610; baseline -0.003 -18"><span class='ocrx_word' id='word_1_142' title='bbox 316 2531 431 2593; x_wconf 85' lang='lat' dir='ltr'><strong>miuor</strong></span> <span class='ocrx_word' id='word_1_143' title='bbox 449 2527 589 2610; x_wconf 81' lang='lat' dir='ltr'><strong>partica</strong></span> <span class='ocrx_word' id='word_1_144' title='bbox 603 2528 753 2609; x_wconf 87' lang='lat' dir='ltr'><strong>sullanis</strong></span> <span class='ocrx_word' id='word_1_145' title='bbox 767 2528 988 2592; x_wconf 86' lang='lat' dir='ltr'><strong>Jerusolr&#39;mis</strong></span> <span class='ocrx_word' id='word_1_146' title='bbox 1010 2530 1186 2606; x_wconf 86' lang='lat' dir='ltr'><strong>occiditur,</strong></span> <span class='ocrx_word' id='word_1_147' title='bbox 1209 2528 1303 2591; x_wconf 89' lang='lat' dir='ltr'><strong>Bar·</strong></span> <span class='ocrx_word' id='word_1_148' title='bbox 1317 2549 1349 2584; x_wconf 69' lang='grc' dir='ltr'><strong>πο</strong></span> 
     </span>
     <span class='ocr_line' id='line_1_22' title="bbox 315 2632 1302 2707; baseline -0.001 -11"><span class='ocrx_word' id='word_1_149' title='bbox 315 2637 480 2697; x_wconf 80' lang='lat' dir='ltr'><strong>tolomeus</strong></span> <span class='ocrx_word' id='word_1_150' title='bbox 503 2635 538 2696; x_wconf 86' lang='lat' dir='ltr'><strong>iu</strong></span> <span class='ocrx_word' id='word_1_151' title='bbox 555 2635 685 2697; x_wconf 87' lang='lat' dir='ltr'><strong>maiori</strong></span> <span class='ocrx_word' id='word_1_152' title='bbox 706 2632 818 2696; x_wconf 88' lang='lat' dir='ltr'><strong>Yudia</strong></span> <span class='ocrx_word' id='word_1_153' title='bbox 842 2635 1034 2696; x_wconf 82' lang='lat' dir='ltr'><strong>excoriatur</strong></span> <span class='ocrx_word' id='word_1_154' title='bbox 1054 2640 1082 2696; x_wconf 89' lang='lat' dir='ltr'><strong>et</strong></span> <span class='ocrx_word' id='word_1_155' title='bbox 1105 2635 1302 2707; x_wconf 80' lang='lat' dir='ltr'><strong>decollatur,</strong></span> 
     </span>
     <span class='ocr_line' id='line_1_23' title="bbox 317 2737 1304 2820; baseline 0 -19"><span class='ocrx_word' id='word_1_156' title='bbox 317 2739 474 2802; x_wconf 79' lang='lat' dir='ltr'><strong>Matheus</strong></span> <span class='ocrx_word' id='word_1_157' title='bbox 500 2740 536 2800; x_wconf 86' lang='lat' dir='ltr'><strong>iu</strong></span> <span class='ocrx_word' id='word_1_158' title='bbox 559 2737 715 2819; x_wconf 84' lang='lat' dir='ltr'><strong>Ethiopia</strong></span> <span class='ocrx_word' id='word_1_159' title='bbox 744 2739 779 2800; x_wconf 88' lang='lat' dir='ltr'><strong>iu</strong></span> <span class='ocrx_word' id='word_1_160' title='bbox 809 2739 915 2800; x_wconf 85' lang='lat' dir='ltr'><strong>altari</strong></span> <span class='ocrx_word' id='word_1_161' title='bbox 942 2740 1060 2801; x_wconf 84' lang='lat' dir='ltr'><strong>lancea</strong></span> <span class='ocrx_word' id='word_1_162' title='bbox 1088 2737 1304 2820; x_wconf 80' lang='lat' dir='ltr'><strong>perforatur,</strong></span> 
     </span>
     <span class='ocr_line' id='line_1_24' title="bbox 317 2841 1304 2924; baseline 0 -19"><span class='ocrx_word' id='word_1_163' title='bbox 317 2841 445 2922; x_wconf 85' lang='lat' dir='ltr'><strong>Symou</strong></span> <span class='ocrx_word' id='word_1_164' title='bbox 461 2848 491 2905; x_wconf 89' lang='lat' dir='ltr'><strong>et</strong></span> <span class='ocrx_word' id='word_1_165' title='bbox 507 2841 625 2905; x_wconf 87' lang='lat' dir='ltr'><strong>Yudas</strong></span> <span class='ocrx_word' id='word_1_166' title='bbox 640 2843 675 2904; x_wconf 90' lang='lat' dir='ltr'><strong>iu</strong></span> <span class='ocrx_word' id='word_1_167' title='bbox 692 2841 837 2922; x_wconf 84' lang='lat' dir='ltr'><strong>Persyde</strong></span> <span class='ocrx_word' id='word_1_168' title='bbox 853 2861 875 2904; x_wconf 93' lang='lat' dir='ltr'><strong>a</strong></span> <span class='ocrx_word' id='word_1_169' title='bbox 891 2843 1109 2923; x_wconf 81' lang='lat' dir='ltr'><strong>pontificibus</strong></span> <span class='ocrx_word' id='word_1_170' title='bbox 1114 2844 1304 2924; x_wconf 81' lang='lat' dir='ltr'><strong>ydolorum</strong></span> 
     </span>
     <span class='ocr_line' id='line_1_25' title="bbox 316 2945 1306 3029; baseline 0 -20"><span class='ocrx_word' id='word_1_171' title='bbox 316 2948 462 3009; x_wconf 88' lang='lat' dir='ltr'><strong>tumultu</strong></span> <span class='ocrx_word' id='word_1_172' title='bbox 483 2948 604 3027; x_wconf 82' lang='lat' dir='ltr'><strong>populi</strong></span> <span class='ocrx_word' id='word_1_173' title='bbox 619 2947 874 3027; x_wconf 82' lang='lat' dir='ltr'><strong>interimuntur,</strong></span> <span class='ocrx_word' id='word_1_174' title='bbox 890 2947 1042 3009; x_wconf 81' lang='lat' dir='ltr'><strong>Matlzias</strong></span> <span class='ocrx_word' id='word_1_175' title='bbox 1057 2948 1092 3009; x_wconf 86' lang='lat' dir='ltr'><strong>iu</strong></span> <span class='ocrx_word' id='word_1_176' title='bbox 1113 2945 1225 3009; x_wconf 87' lang='lat' dir='ltr'><strong>Yndia</strong></span> <span class='ocrx_word' id='word_1_177' title='bbox 1235 2966 1306 3029; x_wconf 82' lang='lat' dir='ltr'><strong>pro</strong></span> 
     </span>
     <span class='ocr_line' id='line_1_26' title="bbox 319 3048 1347 3131; baseline -0.001 -17"><span class='ocrx_word' id='word_1_178' title='bbox 319 3048 453 3115; x_wconf 81' lang='lat' dir='ltr'><strong>Christo</strong></span> <span class='ocrx_word' id='word_1_179' title='bbox 476 3051 621 3131; x_wconf 85' lang='lat' dir='ltr'><strong>patitur,</strong></span> <span class='ocrx_word' id='word_1_180' title='bbox 649 3049 762 3113; x_wconf 89' lang='lat' dir='ltr'><strong>Lucas</strong></span> <span class='ocrx_word' id='word_1_181' title='bbox 789 3052 824 3112; x_wconf 88' lang='lat' dir='ltr'><strong>iu</strong></span> <span class='ocrx_word' id='word_1_182' title='bbox 852 3050 1011 3130; x_wconf 83' lang='lat' dir='ltr'><strong>Bythinia</strong></span> <span class='ocrx_word' id='word_1_183' title='bbox 1039 3051 1127 3128; x_wconf 85' lang='lat' dir='ltr'><strong>obiit,</strong></span> <span class='ocrx_word' id='word_1_184' title='bbox 1161 3051 1347 3114; x_wconf 81' lang='lat' dir='ltr'><strong>Marcus²5</strong></span> 
     </span>
     <span class='ocr_line' id='line_1_27' title="bbox 315 3154 1304 3236; baseline 0 -18"><span class='ocrx_word' id='word_1_185' title='bbox 315 3155 520 3218; x_wconf 73' lang='lat' dir='ltr'><strong>Alexandria</strong></span> <span class='ocrx_word' id='word_1_186' title='bbox 565 3155 766 3216; x_wconf 90' lang='lat' dir='ltr'><strong>martirium</strong></span> <span class='ocrx_word' id='word_1_187' title='bbox 805 3156 991 3236; x_wconf 84' lang='lat' dir='ltr'><strong>complevit,</strong></span> <span class='ocrx_word' id='word_1_188' title='bbox 1040 3154 1223 3218; x_wconf 82' lang='lat' dir='ltr'><strong>Barnabas</strong></span> <span class='ocrx_word' id='word_1_189' title='bbox 1269 3157 1304 3218; x_wconf 88' lang='lat' dir='ltr'><strong>iu</strong></span> 
     </span>
     <span class='ocr_line' id='line_1_28' title="bbox 317 3255 1304 3321; baseline 0 0"><span class='ocrx_word' id='word_1_190' title='bbox 317 3257 477 3321; x_wconf 89' lang='lat' dir='ltr'><strong>Salamia</strong></span> <span class='ocrx_word' id='word_1_191' title='bbox 509 3259 638 3320; x_wconf 88' lang='lat' dir='ltr'><strong>occisus</strong></span> <span class='ocrx_word' id='word_1_192' title='bbox 670 3263 724 3320; x_wconf 85' lang='lat' dir='ltr'><strong>est.</strong></span> <span class='ocrx_word' id='word_1_193' title='bbox 762 3255 916 3321; x_wconf 88' lang='lat' dir='ltr'><strong>Stultum</strong></span> <span class='ocrx_word' id='word_1_194' title='bbox 949 3267 1065 3321; x_wconf 89' lang='lat' dir='ltr'><strong>autem</strong></span> <span class='ocrx_word' id='word_1_195' title='bbox 1099 3268 1136 3321; x_wconf 87' lang='lat' dir='ltr'><strong>et</strong></span> <span class='ocrx_word' id='word_1_196' title='bbox 1162 3258 1304 3321; x_wconf 89' lang='lat' dir='ltr'><strong>infidele</strong></span> 
     </span>
     <span class='ocr_line' id='line_1_29' title="bbox 317 3360 1305 3446; baseline 0 -21"><span class='ocrx_word' id='word_1_197' title='bbox 317 3361 536 3425; x_wconf 90' lang='lat' dir='ltr'><strong>mendacium</strong></span> <span class='ocrx_word' id='word_1_198' title='bbox 559 3360 655 3424; x_wconf 89' lang='lat' dir='ltr'><strong>foret</strong></span> <span class='ocrx_word' id='word_1_199' title='bbox 670 3361 805 3446; x_wconf 84' lang='lat' dir='ltr'><strong>fingere</strong></span> <span class='ocrx_word' id='word_1_200' title='bbox 821 3363 915 3444; x_wconf 92' lang='lat' dir='ltr'><strong>quod</strong></span> <span class='ocrx_word' id='word_1_201' title='bbox 931 3382 1054 3425; x_wconf 88' lang='lat' dir='ltr'><strong>omnes</strong></span> <span class='ocrx_word' id='word_1_202' title='bbox 1075 3362 1132 3424; x_wconf 91' lang='lat' dir='ltr'><strong>alii</strong></span> <span class='ocrx_word' id='word_1_203' title='bbox 1148 3362 1305 3445; x_wconf 85' lang='lat' dir='ltr'><strong>apostoli</strong></span> 
     </span>
     <span class='ocr_line' id='line_1_30' title="bbox 315 3465 1304 3548; baseline 0.001 -20"><span class='ocrx_word' id='word_1_204' title='bbox 315 3468 515 3530; x_wconf 86' lang='lat' dir='ltr'><strong>habuerunt</strong></span> <span class='ocrx_word' id='word_1_205' title='bbox 537 3485 718 3528; x_wconf 87' lang='lat' dir='ltr'><strong>recursum</strong></span> <span class='ocrx_word' id='word_1_206' title='bbox 735 3467 779 3527; x_wconf 93' lang='lat' dir='ltr'><strong>ad</strong></span> <span class='ocrx_word' id='word_1_207' title='bbox 795 3466 939 3528; x_wconf 90' lang='lat' dir='ltr'><strong>Petrum</strong></span> <span class='ocrx_word' id='word_1_208' title='bbox 957 3469 1016 3530; x_wconf 86' lang='lat' dir='ltr'><strong>vel</strong></span> <span class='ocrx_word' id='word_1_209' title='bbox 1033 3466 1108 3529; x_wconf 93' lang='lat' dir='ltr'><strong>eius</strong></span> <span class='ocrx_word' id='word_1_210' title='bbox 1125 3465 1304 3548; x_wconf 85' lang='lat' dir='ltr'><strong>vicarium,</strong></span> 
     </span>
     <span class='ocr_line' id='line_1_31' title="bbox 317 3571 1348 3654; baseline -0.003 -21"><span class='ocrx_word' id='word_1_211' title='bbox 317 3579 354 3633; x_wconf 89' lang='lat' dir='ltr'><strong>et</strong></span> <span class='ocrx_word' id='word_1_212' title='bbox 386 3591 433 3633; x_wconf 87' lang='lat' dir='ltr'><strong>ex</strong></span> <span class='ocrx_word' id='word_1_213' title='bbox 466 3590 587 3633; x_wconf 90' lang='lat' dir='ltr'><strong>eorum</strong></span> <span class='ocrx_word' id='word_1_214' title='bbox 620 3579 795 3654; x_wconf 89' lang='lat' dir='ltr'><strong>precepto</strong></span> <span class='ocrx_word' id='word_1_215' title='bbox 827 3591 869 3634; x_wconf 85' lang='lat' dir='ltr'><strong>ac</strong></span> <span class='ocrx_word' id='word_1_216' title='bbox 902 3571 1113 3635; x_wconf 88' lang='lat' dir='ltr'><strong>auctoritate</strong></span> <span class='ocrx_word' id='word_1_217' title='bbox 1141 3571 1305 3635; x_wconf 82' lang='lat' dir='ltr'><strong>fecerunt</strong></span> <span class='ocrx_word' id='word_1_218' title='bbox 1316 3577 1348 3630; x_wconf 86' lang='lat'><strong>30</strong></span> 
     </span>
     <span class='ocr_line' id='line_1_32' title="bbox 317 3674 1305 3758; baseline -0.001 -19"><span class='ocrx_word' id='word_1_219' title='bbox 317 3674 486 3757; x_wconf 92' lang='lat' dir='ltr'><strong>quicquid</strong></span> <span class='ocrx_word' id='word_1_220' title='bbox 522 3674 691 3753; x_wconf 86' lang='lat' dir='ltr'><strong>fecerant,</strong></span> <span class='ocrx_word' id='word_1_221' title='bbox 728 3674 842 3757; x_wconf 91' lang='lat' dir='ltr'><strong>primo</strong></span> <span class='ocrx_word' id='word_1_222' title='bbox 881 3675 963 3758; x_wconf 89' lang='lat' dir='ltr'><strong>quia</strong></span> <span class='ocrx_word' id='word_1_223' title='bbox 999 3678 1198 3738; x_wconf 90' lang='lat' dir='ltr'><strong>habuerunt</strong></span> <span class='ocrx_word' id='word_1_224' title='bbox 1236 3697 1305 3738; x_wconf 89' lang='lat' dir='ltr'><strong>ma-</strong></span> 
     </span>
    </p>
   </div>
   <div class='ocr_carea' id='block_1_5' title="bbox 317 3779 1306 3863">
    <p class='ocr_par' dir='ltr' id='par_1_6' title="bbox 317 3779 1306 3863">
     <span class='ocr_line' id='line_1_33' title="bbox 317 3779 1306 3863; baseline 0.001 -21"><span class='ocrx_word' id='word_1_225' title='bbox 317 3779 466 3863; x_wconf 82' lang='lat' dir='ltr'><strong>gistrum</strong></span> <span class='ocrx_word' id='word_1_226' title='bbox 491 3779 644 3843; x_wconf 90' lang='lat' dir='ltr'><strong>omnium</strong></span> <span class='ocrx_word' id='word_1_227' title='bbox 669 3779 720 3842; x_wconf 92' lang='lat' dir='ltr'><strong>eis</strong></span> <span class='ocrx_word' id='word_1_228' title='bbox 744 3781 912 3843; x_wconf 90' lang='lat' dir='ltr'><strong>continue</strong></span> <span class='ocrx_word' id='word_1_229' title='bbox 939 3780 1176 3861; x_wconf 90' lang='lat' dir='ltr'><strong>assistentem,</strong></span> <span class='ocrx_word' id='word_1_230' title='bbox 1205 3779 1306 3843; x_wconf 87' lang='lat' dir='ltr'><strong>iuxta</strong></span> 
     </span>
    </p>
   </div>
   <div class='ocr_carea' id='block_1_6' title="bbox 319 4002 1304 4128">
    <p class='ocr_par' dir='ltr' id='par_1_7' title="bbox 319 4002 1304 4128">
     <span class='ocr_line' id='line_1_34' title="bbox 372 4002 1304 4060; baseline 0.002 -14"><span class='ocrx_word' id='word_1_231' title='bbox 372 4002 405 4047; x_wconf 78' lang='lat'><strong>15,</strong></span> <span class='ocrx_word' id='word_1_232' title='bbox 427 4003 444 4046; x_wconf 87' lang='lat' dir='ltr'>B</span> <span class='ocrx_word' id='word_1_233' title='bbox 465 4004 488 4048; x_wconf 89' lang='lat' dir='ltr'><strong>in</strong></span> <span class='ocrx_word' id='word_1_234' title='bbox 511 4016 596 4059; x_wconf 66' lang='lat' dir='ltr'><strong>marga</strong></span> <span class='ocrx_word' id='word_1_235' title='bbox 619 4003 739 4048; x_wconf 84' lang='lat' dir='ltr'><strong>Natatr&#39;cia</strong></span> <span class='ocrx_word' id='word_1_236' title='bbox 763 4004 939 4059; x_wconf 76' lang='lat' dir='ltr'><strong>apostatarunt,-</strong></span> <span class='ocrx_word' id='word_1_237' title='bbox 962 4006 996 4047; x_wconf 80' lang='lat' dir='ltr'><strong>A:</strong></span> <span class='ocrx_word' id='word_1_238' title='bbox 1021 4004 1185 4060; x_wconf 77' lang='lat' dir='ltr'><strong>Apostolorum</strong></span> <span class='ocrx_word' id='word_1_239' title='bbox 1210 4010 1304 4048; x_wconf 68' lang='lat' dir='ltr'><strong>morter.</strong></span> 
     </span>
     <span class='ocr_line' id='line_1_35' title="bbox 319 4073 1155 4128; baseline -0.004 -11"><span class='ocrx_word' id='word_1_240' title='bbox 319 4085 355 4128; x_wconf 81' lang='lat'><strong>27·</strong></span> <span class='ocrx_word' id='word_1_241' title='bbox 371 4074 394 4116; x_wconf 75' lang='grc' dir='ltr'><strong>Α</strong></span> <span class='ocrx_word' id='word_1_242' title='bbox 408 4073 431 4116; x_wconf 86' lang='lat' dir='ltr'><strong>in</strong></span> <span class='ocrx_word' id='word_1_243' title='bbox 448 4084 535 4128; x_wconf 57' lang='lat' dir='ltr'><strong>marga</strong></span> <span class='ocrx_word' id='word_1_244' title='bbox 551 4073 657 4128; x_wconf 76' lang='lat' dir='ltr'><strong>Apostoli</strong></span> <span class='ocrx_word' id='word_1_245' title='bbox 670 4085 716 4117; x_wconf 81' lang='lat' dir='ltr'><strong>non</strong></span> <span class='ocrx_word' id='word_1_246' title='bbox 731 4074 862 4117; x_wconf 62' lang='lat' dir='ltr'><strong>tabuerint</strong></span> <span class='ocrx_word' id='word_1_247' title='bbox 876 4085 994 4116; x_wconf 75' lang='lat' dir='ltr'><strong>recursum</strong></span> <span class='ocrx_word' id='word_1_248' title='bbox 1008 4073 1041 4116; x_wconf 85' lang='lat' dir='ltr'><strong>ad</strong></span> <span class='ocrx_word' id='word_1_249' title='bbox 1055 4073 1155 4116; x_wconf 81' lang='lat' dir='ltr'><strong>Petrmu.</strong></span> 
     </span>
    </p>
   </div>
   <div class='ocr_carea' id='block_1_7' title="bbox 316 4180 1304 4386">
    <p class='ocr_par' dir='ltr' id='par_1_8' title="bbox 316 4180 1304 4386">
     <span class='ocr_line' id='line_1_36' title="bbox 369 4180 1304 4247; baseline 0.001 -18"><span class='ocrx_word' id='word_1_250' title='bbox 369 4180 393 4232; x_wconf 83' lang='lat'><strong>8.</strong></span> <span class='ocrx_word' id='word_1_251' title='bbox 413 4182 439 4229; x_wconf 86' lang='lat' dir='ltr'><strong>ln</strong></span> <span class='ocrx_word' id='word_1_252' title='bbox 460 4180 671 4232; x_wconf 80' lang='lat' dir='ltr'><strong>sorovenrlium.</strong></span> <span class='ocrx_word' id='word_1_253' title='bbox 690 4180 748 4230; x_wconf 84' lang='lat' dir='ltr'><strong>The</strong></span> <span class='ocrx_word' id='word_1_254' title='bbox 767 4183 855 4230; x_wconf 87' lang='lat' dir='ltr'><strong>lesson</strong></span> <span class='ocrx_word' id='word_1_255' title='bbox 875 4182 900 4230; x_wconf 84' lang='lat' dir='ltr'><strong>in</strong></span> <span class='ocrx_word' id='word_1_256' title='bbox 914 4180 958 4230; x_wconf 85' lang='lat' dir='ltr'><strong>the</strong></span> <span class='ocrx_word' id='word_1_257' title='bbox 977 4182 1071 4229; x_wconf 85' lang='lat' dir='ltr'><strong>Sarum</strong></span> <span class='ocrx_word' id='word_1_258' title='bbox 1086 4181 1209 4246; x_wconf 63' lang='lat' dir='ltr'><strong>Brevitati·</strong></span> <span class='ocrx_word' id='word_1_259' title='bbox 1228 4196 1304 4247; x_wconf 69' lang='lat' dir='ltr'><strong>says:</strong></span> 
     </span>
     <span class='ocr_line' id='line_1_37' title="bbox 318 4250 1301 4315; baseline -0.002 -15"><span class='ocrx_word' id='word_1_260' title='bbox 318 4252 447 4315; x_wconf 73' lang='lat' dir='ltr'><strong>Apparuit</strong></span> <span class='ocrx_word' id='word_1_261' title='bbox 465 4253 488 4300; x_wconf 83' lang='lat' dir='ltr'><strong>ei</strong></span> <span class='ocrx_word' id='word_1_262' title='bbox 510 4252 638 4301; x_wconf 86' lang='lat' dir='ltr'><strong>Dominus</strong></span> <span class='ocrx_word' id='word_1_263' title='bbox 658 4253 683 4300; x_wconf 87' lang='lat' dir='ltr'><strong>in</strong></span> <span class='ocrx_word' id='word_1_264' title='bbox 706 4252 764 4299; x_wconf 88' lang='lat' dir='ltr'><strong>visu</strong></span> <span class='ocrx_word' id='word_1_265' title='bbox 789 4252 880 4302; x_wconf 84' lang='lat' dir='ltr'><strong>noctis.</strong></span> <span class='ocrx_word' id='word_1_266' title='bbox 904 4250 1060 4312; x_wconf 77' lang='lat' dir='ltr'><strong>(Matthew).</strong></span> <span class='ocrx_word' id='word_1_267' title='bbox 1126 4263 1162 4300; x_wconf 81' lang='lat'><strong>12.</strong></span> <span class='ocrx_word' id='word_1_268' title='bbox 1185 4252 1301 4301; x_wconf 79' lang='lat' dir='ltr'><strong>tanuen·</strong></span> 
     </span>
     <span class='ocr_line' id='line_1_38' title="bbox 316 4320 1028 4386; baseline 0.003 -18"><span class='ocrx_word' id='word_1_269' title='bbox 316 4324 351 4369; x_wconf 77' lang='lat' dir='ltr'><strong>sis</strong></span> <span class='ocrx_word' id='word_1_270' title='bbox 372 4321 534 4380; x_wconf 83' lang='lat' dir='ltr'><strong>Catholicon,</strong></span> <span class='ocrx_word' id='word_1_271' title='bbox 554 4322 592 4370; x_wconf 67' lang='grc' dir='ltr'><strong>(ΣΙ.</strong></span> <span class='ocrx_word' id='word_1_272' title='bbox 615 4323 650 4370; x_wconf 83' lang='lat' dir='ltr'><strong>lle</strong></span> <span class='ocrx_word' id='word_1_273' title='bbox 669 4321 744 4369; x_wconf 88' lang='lat' dir='ltr'><strong>Civili</strong></span> <span class='ocrx_word' id='word_1_274' title='bbox 767 4322 890 4370; x_wconf 77' lang='lat' dir='ltr'><strong>llomiuio</strong></span> <span class='ocrx_word' id='word_1_275' title='bbox 910 4322 950 4386; x_wconf 81' lang='grc' dir='ltr'>ΙΙΙ,</span> <span class='ocrx_word' id='word_1_276' title='bbox 969 4320 1028 4385; x_wconf 70' lang='grc'><strong>425.</strong></span> 
     </span>
    </p>
   </div>
   <div class='ocr_carea' id='block_1_8' title="bbox 0 0 1508 5026">
    <p class='ocr_par' dir='ltr' id='par_1_9' title="bbox 0 0 1508 5026">
     <span class='ocr_line' id='line_1_39' title="bbox 0 0 1508 5026; baseline 0 0"><span class='ocrx_word' id='word_1_277' title='bbox 0 0 1508 5026; x_wconf 95' lang='lat' dir='ltr'><strong> </strong></span> 
     </span>
    </p>
   </div>
  </div>
 </body>
</html>
