3008 5026
725 422 895 472 Joununrs
913 421 1055 473 wvctrr
1257 405 1340 495 [cir.
1353 421 1383 466 n.

395 596 475 640 esse
500 598 593 662 opus
615 579 784 658 mirabile,
813 587 849 641 et
871 579 922 641 sic
946 588 1029 642 sunt
1055 579 1123 643 illis
1148 582 1278 663 quibus
1301 593 1385 648 sunt

393 688 479 750 mira
510 684 651 748 insolita
682 704 792 767 opera
814 693 938 747 nature
961 684 1135 765 miracula,
1167 686 1242 750 aliis
1266 697 1384 752 autem

393 812 466 854 non
496 791 617 853 forent
647 788 822 869 miracula,
861 797 898 850 et
929 788 980 851 sic
1014 790 1058 851 de
1090 790 1210 854 multis
1243 792 1384 857 ficticiis

392 893 658 959 infundabiliter
681 892 892 956 adinventis.
917 893 985 955 Vel
1006 914 1094 978 ergo
1111 895 1268 959 dicamus
1285 898 1385 979 quod

394 1002 491 1063 solus
513 1001 614 1062 Deus
646 1000 756 1061 habet
786 1006 1002 1080 potestatem
1033 998 1187 1062 faciendi
1217 1001 1408 1065 miracula5

393 1107 452 1168 vel
485 1104 661 1187 equivoce
701 1103 939 1166 concedamus
977 1105 1075 1185 quod
1119 1104 1233 1168 omnis
1275 1107 1383 1168 homo

393 1228 601 1292 promerens
625 1217 711 1290 aput
734 1208 860 1286 Deum,
887 1218 926 1270 ut
949 1208 1055 1271 faciat
1078 1209 1123 1271 ad
1145 1229 1275 1292 preces
1299 1230 1383 1273 suas

395 1314 567 1393 miracula,
590 1311 676 1375 facit
699 1313 960 1395 quodammodo
984 1312 1063 1395 ipsa
1085 1312 1260 1376 miracula.

203 1437 258 1499 tran
273 1445 358 1482 cannot
439 1418 616 1501 Quantum
627 1418 671 1480 ad
681 1426 898 1501 potestatem
910 1416 1016 1480 dandi
1027 1415 1198 1499 Spiritum
1214 1416 1383 1482 Sanctum

192 1490 373 1599 grvesffirennoly
393 1524 453 1586 vel
476 1522 639 1606 graciam,
663 1521 805 1584 videtur
825 1521 1013 1585 dicendum
1030 1521 1260 1585 conformiter
1284 1525 1384 1605 quod
1397 1547 1426 1582 ιο

393 1629 488 1691 foret
503 1626 605 1689 nimis
621 1646 749 1709 magna
763 1626 991 1709 presumpcio
1017 1627 1136 1689 dicere
1160 1627 1260 1709 quod
1274 1629 1382 1692 homo

393 1740 563 1816 peccator
601 1731 662 1794 dat
699 1729 870 1812 Spiritum
908 1728 1085 1809 Sanctum,
1124 1732 1206 1814 quia
1240 1731 1383 1797 Christo

394 1856 502 1920 super
518 1856 622 1918 quem
639 1835 842 1918 specialiter
858 1836 1045 1899 descendit
1070 1838 1233 1900 columba
1254 1857 1381 1921 appro-

393 1941 530 2023 priatur
551 1939 749 2023 baptizacio
772 1940 848 2020 ista,
881 1948 921 2002 ut
950 1951 1052 2023 patet
1076 1942 1154 2021 Joh.
1174 1942 1299 2025 primo,
1332 1965 1383 2024 33.

395 2046 486 2108 Ymo
509 2046 624 2108 nullus
648 2044 730 2107 talis
754 2046 864 2107 habet
882 2054 1101 2127 potestatem
1126 2047 1291 2111 servandi
1314 2048 1384 2112 sibi
1398 2056 1425 2106 15

394 2149 564 2232 Spiritum
588 2147 766 2224 Sanctum,
800 2151 978 2231 quomodo
1011 2151 1120 2233 igitur
1153 2153 1196 2215 ad
1229 2153 1383 2217 dandum

393 2255 502 2336 alteri,
520 2274 598 2317 cum
613 2253 755 2336 ignorat
771 2262 887 2317 utrum
903 2255 1082 2336 pertineat
1098 2256 1141 2317 ad
1162 2256 1382 2320 columbam?

393 2358 485 2421 Ymo
519 2357 682 2441 apostoli,
720 2359 764 2420 ad
795 2378 945 2441 quorum
973 2358 1204 2423 ministerium
1233 2362 1383 2425 dabatur

393 2461 547 2544 Spiritus
580 2461 742 2543 SanctuS,
779 2483 852 2525 non
886 2474 1182 2546 presumpserunt
1219 2485 1382 2529 asserere

393 2568 490 2649 quod
514 2567 699 2642 dederunt,
723 2568 797 2638 sed,
822 2575 860 2630 ut
882 2576 983 2650 patet
1005 2569 1087 2632 Act.
1105 2566 1204 2648 VIII,
1227 2589 1273 2648 15,
1307 2589 1426 2633 ora-20

393 2679 523 2734 verunt
545 2691 611 2753 pro
638 2670 706 2734 illis
729 2677 765 2733 ut
794 2674 985 2754 acciperent
1009 2670 1181 2753 Spiritum
1206 2670 1383 2739 Sanctum.

393 2775 481 2838 Ideo
514 2776 573 2844 vel
611 2777 709 2838 solus
742 2775 843 2839 Deus
880 2778 989 2838 habet
1026 2785 1244 2859 potestatem
1275 2778 1383 2841 dandi

395 2878 562 2963 Spiritum
579 2878 756 2954 Sanctum,
780 2882 839 2943 vel
855 2881 1005 2963 quilibet
1027 2883 1151 2963 laycus
1167 2883 1383 2965 baptizando

188 3002 366 3063 narrrrqpnas
393 2985 452 3046 vel
483 2985 720 3066 promerendo
749 2986 857 3047 habet
888 2993 1105 3066 potestatem
1136 2986 1241 3049 dandi
1271 2986 1381 3070 Spiri-

189 3057 365 3160 pdw⁸e⁹r¹¹s¹i¹i⁰i1c
392 3097 464 3152 tum
512 3086 696 3164 Sanctum,
755 3087 960 3151 differenter
1010 3098 1127 3152 tamen
1178 3091 1423 3173 episcopus,25

195 3165 363 3273 Ϊὲῗῗὲἐῑῗῆἃῖἶ
393 3194 586 3255 secundum
597 3194 694 3275 quod
705 3192 931 3256 autoritative
942 3194 1003 3257 det
1014 3194 1144 3257 donum
1155 3196 1234 3272 tale,
1254 3197 1259 3275 Ι
1279 3195 1382 3259 nimis
1412 3202 1440 3254 16

223 3262 329 3308 h¹⁸w¹'¹'
392 3298 538 3359 multum
582 3298 779 3360 excederet
816 3297 980 3361 vicariam
1021 3307 1245 3381 potestatem.
1292 3299 1382 3382 Quis

391 3400 499 3483 igitur
523 3402 749 3482 concederet,
780 3404 876 3484 quod
898 3403 1008 3466 habet
1030 3412 1249 3485 potestatem
1272 3423 1383 3487 super

391 3505 508 3568 Deum
525 3506 584 3568 vel
601 3505 676 3568 eius
693 3506 855 3588 graciam,
882 3515 918 3570 et
932 3508 1254 3590 quomodocunque
1269 3508 1382 3572 locuti

391 3609 571 3685 fuerimus,
609 3610 798 3674 maximum
829 3611 924 3674 foret
962 3613 1059 3694 quod
1093 3632 1183 3675 unus
1227 3623 1382 3677 meretur
1393 3625 1425 3676 30

392 3715 494 3779 alteri
516 3715 662 3797 primam
685 3715 848 3800 graciam,
880 3716 972 3799 quia,
1006 3737 1083 3779 cum
1107 3720 1143 3780 r'n
1167 3720 1264 3781 omni
1286 3725 1381 3782 motu

391 3840 531 3884 movens
553 3826 583 3884 et
605 3826 737 3884 motum
760 3827 839 3884 sunt
860 3823 976 3898 simul,
1008 3821 1110 3885 nimis
1134 3823 1381 3885 scandalosum

391 3925 487 3988 foret
518 3927 615 4008 quod
647 3926 832 3989 Romanus
866 3926 1062 4010 episcopus
1094 3936 1164 3989 tam
1197 3926 1380 4008 distanter,

391 4039 461 4092 tam
502 4031 717 4112 generaliter
755 4039 792 4093 et
823 4039 893 4093 tam
928 4031 1300 4114 improporcionaliter
1338 4034 1382 4095 ad

446 4317 462 4357 ι,
479 4317 499 4348 2.
514 4307 547 4348 A:
563 4311 617 4348 sunt
630 4306 750 4348 miracula.
806 4318 827 4361 7.
843 4306 872 4349 B:
889 4312 1033 4361 promerent.
1088 4320 1109 4363 9.
1129 4309 1152 4350 A
1165 4307 1188 4350 tn
1205 4318 1291 4364 marga
1312 4307 1378 4353 Dare

390 4374 503 4430 Spiritum
521 4374 638 4419 Sanctum.
694 4375 731 4420 26.
751 4375 839 4420 codd:
854 4375 903 4419 Sed
920 4376 991 4432 quod.
