3008 5026
689 377 858 427 soliturus
878 374 1018 425 wvctrr
1217 357 1299 441 [eno.
1314 369 1356 413 vr.

364 539 439 615 isio,
462 540 493 599 ei
515 538 547 600 si
569 538 646 616 quis
668 537 871 599 diminuerit
894 537 935 599 de
957 537 1066 600 uerbis
1081 537 1162 598 libri
1172 535 1358 617 prophecie

364 643 476 720 huius,
499 639 633 722 eriserit
645 642 738 706 Deus
758 646 895 723 partem
920 642 1056 705 eiusde
1079 641 1165 704 libro
1191 643 1255 704 uiie
1270 646 1300 705 ci
1315 645 1358 707 de

363 749 498 812 civiioie
528 752 658 812 saucio.
703 745 745 809 In
777 747 891 809 veteri
927 767 1014 810 vero
1052 755 1266 812 testamento
1300 757 1357 811 est

363 851 458 916 aliud
482 853 618 935 duplex
641 852 896 916 testimonium:
921 851 1035 934 primo
1058 852 1231 917 Deutero.
1251 852 1314 934 IV,
1338 876 1355 918 2

364 978 430 1041 per
453 966 614 1022 sanctum
638 957 793 1041 Moysen
816 958 918 1021 Deus
934 957 1090 1041 precipit
1113 957 1250 1021 Israeli:
1280 958 1383 1025 Nono

365 1065 499 1127 addetis
521 1066 568 1126 ad
591 1066 730 1127 verbum
753 1066 843 1145 quod
867 1065 957 1128 vobis
979 1067 1099 1145 loquor
1126 1083 1229 1144 neque
1255 1065 1356 1145 orese-

364 1170 448 1233 reiis
470 1188 508 1233 ex
530 1187 577 1234 eo.
601 1167 648 1231 Et
666 1168 840 1232 Proverb.
857 1168 975 1232 XXX
999 1168 1091 1232 dixit
1113 1171 1168 1232 vir
1189 1187 1268 1233 cum
1291 1189 1357 1251 quo

364 1273 459 1338 Deus
481 1279 529 1338 esi
552 1293 592 1337 ne
624 1275 737 1338 addas
757 1277 761 1354 Ι
781 1276 963 1355 quicquam
988 1275 1097 1338 verbis
1124 1276 1219 1338 iilius
1241 1280 1270 1338 ei
1292 1294 1356 1337 dr·
1390 1284 1436 1335 188

361 1380 488 1460 guaris
515 1385 545 1442 ei
572 1380 762 1443 inveniaris
790 1381 947 1442 mendae.
988 1378 1074 1442 Cum
1102 1377 1212 1461 igitur
1243 1377 1358 1442 nostri

364 1503 436 1546 non
464 1483 618 1548 doceant
644 1483 742 1566 quod
768 1485 826 1548 iaec
858 1486 939 1547 dicit
961 1483 1143 1560 Dominae,
1180 1483 1267 1547 illud
1305 1482 1356 1547 vi·
1373 1511 1402 1544 ιο

366 1588 512 1652 deretur
539 1587 641 1652 nimis
669 1608 798 1672 magna
824 1588 1027 1671 presumcio
1055 1588 1237 1671 parificare
1263 1588 1358 1652 dicta

174 1695 325 1791 fgffieffi
364 1692 424 1757 illa
445 1692 520 1775 legi
543 1691 733 1775 scripture.
757 1693 798 1756 In
822 1692 921 1756 cuius
943 1693 1249 1757 confirmacionem
1265 1713 1358 1756 unus

188 1799 323 1895 daetfgfffifff
365 1816 460 1880 papa
481 1806 637 1876 revocat,
661 1797 850 1881 suspendit
866 1799 925 1861 vel
948 1800 1102 1881 abrogat
1125 1797 1296 1881 epistolas
1321 1807 1359 1862 et

364 1903 479 1965 bullas
503 1901 659 1979 alterius,
684 1902 750 1965 sed
773 1901 866 1966 facta
889 1922 954 1965 sua
976 1901 1148 1968 falsificat.
1186 1902 1274 1966 Ideo
1298 1903 1358 1966 vel

365 2015 510 2089 oportet
525 2005 711 2070 falsificare
726 2014 838 2070 totam
854 2007 960 2070 fidem
971 2007 1147 2089 scripture
1158 2007 1217 2070 vel
1233 2027 1358 2071 omnes
1373 2021 1400 2071 15

366 2119 527 2193 satrapas
566 2120 761 2194 sequentes
798 2110 834 2174 in
873 2111 1084 2174 auctoritate
1122 2121 1358 2194 postponere.

366 2214 448 2278 Hoc
480 2224 597 2279 tamen
629 2235 724 2298 papa
755 2217 865 2280 habet
894 2236 960 2298 pre
984 2215 1071 2296 ariis,
1105 2216 1203 2298 quod
1225 2215 1295 2279 sibi
1318 2225 1359 2280 ut

366 2339 461 2402 pape
485 2320 566 2401 plus
591 2319 687 2383 credi
717 2320 827 2383 debet
849 2329 1000 2402 propter
1022 2319 1097 2384 vite
1122 2319 1357 2399 sanctitatem,

367 2443 445 2486 cum
478 2423 587 2487 debet
618 2432 658 2487 ut
691 2423 742 2488 sic
780 2424 998 2489 conformius
1032 2423 1134 2507 sequi
1165 2423 1356 2506 Christum,

366 2531 462 2610 quod
487 2528 516 2591 si
540 2527 725 2592 manifeste
754 2528 909 2593 declinat
924 2531 967 2592 ab
991 2531 1056 2592 hac
1080 2528 1215 2610 semita,
1239 2530 1358 2593 nullus
1370 2556 1403 2590 20

368 2642 424 2697 est
452 2633 662 2709 simulacior,
690 2632 895 2697 mendacior
923 2642 959 2696 et
987 2633 1159 2716 quidquid
1187 2641 1272 2696 tunc
1300 2635 1357 2697 lo·

368 2747 471 2801 cutus
505 2737 612 2800 fuerit
637 2737 682 2800 de
701 2736 888 2801 mendacio
914 2739 996 2820 plus
1029 2747 1230 2820 suspectus.
1267 2738 1358 2802 Ideo

365 2841 459 2905 absit
490 2841 594 2905 michi
635 2844 715 2924 plus
753 2844 900 2906 credere
941 2841 1150 2925 cuicumque
1191 2842 1358 2906 Romano

146 2960 253 3007 rwoure
269 2966 347 3006 rainer
365 2945 537 3028 pontifici,
570 2967 675 3029 quam
708 2956 858 3029 quatuor
890 2947 1022 3011 sanctis
1057 2946 1266 3010 doctoribus
1299 2949 1357 3010 vel

149 3015 356 3120 'iiinineiiioiiis
366 3050 417 3114 eis
433 3049 614 3132 similibus,
630 3049 744 3132 primo
761 3052 843 3134 quia
858 3052 952 3115 sacta
968 3060 1005 3115 et
1021 3052 1154 3134 scripta
1170 3054 1357 3117 multorum
1371 3064 1401 3112 25

365 3175 535 3237 paparum
569 3157 649 3237 plus
681 3153 887 3220 discordant
920 3177 939 3219 a
970 3157 1053 3240 lege
1079 3156 1163 3234 Dei;
1196 3158 1357 3220 secundo

366 3258 448 3342 quia
480 3280 551 3322 non
584 3259 756 3322 debemus
790 3261 937 3322 credere
961 3259 1083 3325 verbis
1110 3260 1262 3324 hominis
1287 3261 1359 3325 nisi

367 3363 412 3426 de
436 3373 568 3445 quanto
593 3363 765 3428 debemus
789 3367 936 3428 credere
970 3366 1066 3447 quod
1088 3364 1201 3447 prima
1224 3365 1359 3429 veritas

365 3468 400 3530 in
432 3467 513 3549 ipso
545 3467 710 3550 loquitur.
748 3468 855 3532 Fides
883 3469 1023 3552 inquam
1054 3478 1120 3547 est,
1149 3468 1177 3532 si
1202 3469 1287 3552 quid
1312 3469 1358 3533 sit

366 3571 507 3650 veritas,
531 3573 680 3633 verbum
697 3572 841 3635 Domini
856 3573 971 3655 ipsam
992 3573 1158 3657 loquitur,
1182 3573 1359 3638 libencius
1371 3585 1403 3635 30

367 3685 482 3738 autem
510 3675 666 3757 loquitur
694 3676 874 3759 sapiencia
902 3677 936 3740 in
965 3678 1059 3741 iusto
1085 3677 1152 3741 sibi
1176 3678 1358 3761 benivolo,

367 3800 470 3863 quam
493 3778 528 3842 in
551 3780 721 3843 mendace
739 3779 806 3846 sibi
831 3782 1018 3847 contrario.
1041 3782 1169 3846 Tercio
1186 3782 1267 3866 quia
1295 3783 1358 3847 cri·

366 3885 524 3948 minosus
547 3885 716 3949 mentitur
744 3886 913 3970 quicquid
937 3887 1078 3969 dixerit,
1107 3908 1178 3951 non
1208 3888 1356 3951 auctori·

421 4181 442 4226 5.
457 4182 487 4226 B:
499 4182 611 4237 precepit.
668 4193 701 4236 ¹7·
722 4181 762 4226 ΑΒ
781 4182 805 4226 in
825 4193 914 4238 merg.:
932 4182 1033 4226 Credere
1048 4194 1120 4238 pape.

420 4322 444 4370 7.
464 4306 539 4358 Prov.
558 4307 636 4373 xxi,
659 4323 679 4368 1,
698 4305 722 4360 6.
