3008 5026
146 411 215 458 cur.
234 394 287 484 ur]
442 417 486 468 nr
507 417 719 470 rorrsrnru
737 419 835 470 rura.

144 593 209 638 uon
234 576 326 638 enirn
344 594 366 637 a
381 575 482 639 Petro
501 581 614 658 petra,
637 578 697 639 sed
713 575 836 640 Petrus
858 596 881 639 a
899 582 1012 658 petra,
1027 583 1130 659 petra

142 684 256 743 autem
290 686 364 743 erat
388 679 551 746 Christus
590 680 636 744 Et
667 691 818 764 propter
849 681 935 745 istas
966 681 1129 746 raciones

142 795 308 849 tenentur
344 785 547 868 superiores
584 785 762 868 prepositi
798 787 986 869 predicare
1023 787 1129 851 fidem

142 890 305 970 ecclesie,
329 892 423 953 unde
434 890 531 954 Luce
547 890 673 968 XXII,
693 911 748 971 32:
772 891 844 974 Ego
868 898 982 956 artium
1007 894 1130 974 rogavi

117 1012 203 1078 §pro
236 1001 276 1071 te,
300 1001 335 1058 ut
358 1015 425 1058 non
448 997 585 1075 deficiat
602 997 696 1076 fides
718 1001 788 1077 trra,
819 1003 850 1060 et
876 1003 912 1059 tu
940 998 1128 1081 aliquando

46 1095 114 1164 ¹74⁴
141 1119 322 1164 conversus
342 1099 346 1183 l
366 1100 541 1181 confirma
555 1100 695 1181 fratres
716 1106 799 1164 tuos.
828 1101 923 1164 Ecce
948 1104 1128 1184 quomodo

142 1204 301 1269 Christus
318 1204 506 1268 exauditus
522 1224 588 1287 pro
605 1226 668 1268 sua
683 1204 888 1268 reverencia
905 1206 1130 1290 singulariter

141 1309 281 1392 rogavit
304 1329 370 1391 pro
393 1309 464 1371 fide
488 1309 602 1387 Petri;
637 1318 673 1372 et
705 1311 863 1372 secundo
886 1310 1039 1374 iniunxit
1062 1311 1129 1374 sibi

141 1413 328 1496 primatum
339 1412 448 1476 officii
464 1423 501 1478 et
517 1434 583 1496 per
598 1414 668 1477 hoc
684 1415 949 1479 fundamentum
960 1424 1129 1498 operatus

100 1529 197 1585 roest
219 1519 350 1582 Petrus
373 1518 599 1599 singulariter
625 1539 733 1601 supra
756 1530 897 1583 ceteros
926 1522 1127 1602 apostolos;

141 1644 206 1706 per
236 1623 337 1705 hanc,
371 1631 410 1685 ut
440 1643 547 1705 supra
570 1623 652 1704 dixi,
685 1624 791 1687 fidem
819 1624 975 1688 extraxit
998 1625 1129 1689 Petrus

141 1727 295 1811 gladium
320 1737 357 1791 et
375 1727 555 1810 percussit
579 1747 721 1790 servum
737 1729 917 1810 pontificis
933 1730 1127 1796 auferendo

139 1834 299 1895 dextram
317 1831 393 1895 eius
410 1831 608 1912 auriculam,
626 1842 664 1896 ut
682 1843 781 1915 patet
800 1833 878 1912 Joh.
895 1833 1039 1906 XVIII;
1063 1854 1129 1918 per

138 1939 228 2000 hanc
244 1936 355 2000 eciam
371 1936 533 2001 introivit
553 1937 588 2000 in
609 1947 872 2001 monumentum
889 1938 1127 2023 Evangelista,

99 2043 199 2124 15qui
221 2042 320 2125 prius
344 2051 492 2106 venerat
515 2050 632 2106 stante
655 2042 761 2123 foras,
793 2063 860 2125 per
889 2044 979 2106 hanc
1007 2043 1127 2108 audito

139 2149 182 2209 ab
209 2146 450 2229 Evangelista,
488 2147 570 2230 quia
601 2147 764 2211 dominus
797 2157 862 2230 est,
894 2147 989 2212 misit
1020 2169 1059 2212 se
1092 2149 1128 2212 in

138 2272 242 2334 mare,
258 2252 333 2316 aliis
351 2252 536 2335 discipulis
551 2253 779 2317 venientibus
799 2252 942 2337 navigio
960 2255 1005 2317 ad
1019 2253 1128 2334 littus,

137 2357 198 2420 ubi
222 2356 382 2421 Christus
411 2360 537 2432 stabat,
564 2368 603 2421 ut
630 2367 732 2440 patet
754 2358 830 2437 Joh.
854 2359 987 2437 ultimo,
1016 2366 1053 2421 et
1075 2357 1127 2420 sic

137 2463 182 2526 de
207 2461 281 2525 aliis
305 2462 613 2544 superexcessivis
643 2463 823 2545 operibus,
853 2483 922 2545 que
951 2483 997 2525 ex
1021 2464 1126 2525 vehe-

95 2567 272 2631 romencia
304 2587 368 2630 sue
400 2566 484 2630 fidei
517 2579 782 2651 processerunt
820 2568 974 2631 Primum
1012 2576 1126 2630 autem
1151 2590 1185 2634 st.
1203 2590 1330 2687 orcamp

137 2672 382 2755 allegorizatur
408 2692 426 2734 a
450 2682 573 2736 saneto
600 2672 788 2757 Gregori0,
808 2685 847 2737 ut
869 2681 971 2756 patet
985 2669 1128 2736 XXIV,
1150 2643 1334 2750 rniiii‘rii'aiion.

137 2798 170 2859 q.
188 2776 216 2858 I,
242 2775 281 2840 Si
298 2777 434 2842 Petrus:
459 2777 580 2841 Primo
596 2777 719 2860 inquit,
743 2781 880 2841 docetur
900 2780 988 2859 quod
1003 2797 1126 2841 aurem

137 2883 172 2943 in
195 2883 306 2963 specie
329 2883 452 2945 habere
474 2901 540 2945 nou
573 2884 697 2961 debent,
729 2902 833 2964 quam
867 2885 902 2945 in
935 2884 1126 2946 ministerio

136 3005 201 3048 uon
224 2987 397 3050 lrabebuut.
437 2984 512 3050 Sed
540 2989 656 3050 bonus
683 2987 845 3051 dominus
874 2987 943 3070 ipsi
970 2987 1126 3050 refundit

93 3091 290 3154 25auditum
322 3092 567 3155 demonstrans
592 3103 629 3156 et
660 3092 771 3175 ipsoS,
803 3092 834 3155 si
862 3101 1125 3171 convertantur,

134 3214 244 3276 posse
276 3196 392 3258 sanari
426 3195 486 3277 qui
518 3195 554 3258 in
585 3196 753 3279 passione
787 3196 915 3260 Christi
950 3196 1125 3259 vulnerati

135 3311 230 3380 sunt,
268 3300 363 3364 tollit
400 3300 511 3363 eciam
552 3302 672 3385 gladio
711 3302 884 3384 spirituali
920 3300 1124 3364 interiorem

135 3403 323 3467 auriculam
352 3406 440 3467 male
465 3405 693 3488 intelligentis
718 3407 763 3468 de
787 3406 954 3488 passione
970 3405 1124 3480 Domini,

133 3509 215 3571 dum
252 3509 311 3570 vel
349 3510 545 3590 prescindit
583 3530 739 3572 errorem
779 3530 850 3592 quo
883 3519 1010 3593 putant
1042 3528 1122 3572 esse

91 3614 323 3676 3odexterum
356 3632 428 3675 non
459 3615 533 3696 pati
565 3636 632 3697 pro
657 3614 806 3694 Christ0,
839 3617 896 3677 vel
922 3614 1018 3696 quod
1048 3612 1123 3676 eius

134 3717 299 3780 divinitas
333 3718 502 3801 paciatur.
544 3720 614 3783 Per
646 3721 840 3783 secundum
878 3717 1124 3803 allegorizatur

132 3822 230 3902 quod
253 3821 393 3898 Petrus,
421 3832 550 3905 gentes
574 3824 728 3904 signans,
755 3823 839 3887 licet
864 3823 997 3886 tardius
1021 3822 1122 3885 venit

132 3924 176 3986 ad
200 3926 401 3988 thesaurum
425 3926 509 3991 fidei
532 3948 636 4010 quam
651 3929 833 4007 Johannes
855 3948 902 3991 ex
918 3926 1121 4010 virginitate

185 4161 205 4206 5.
228 4169 265 4212 ut,·
288 4162 318 4206 B:
341 4166 410 4207 trude.
479 4168 500 4209 ὃ.
524 4165 553 4209 B:
575 4164 642 4209 Petri
660 4167 732 4210 deest.
807 4167 839 4211 13.
861 4166 950 4211 Codd.:
973 4165 1025 4210 Joh.
1048 4166 1120 4210 deest.

133 4244 168 4276 ει.
182 4235 215 4276 A:
230 4234 394 4290 allegor-irunt.
451 4235 488 4280 23.
504 4235 592 4280 Codd.:
608 4238 694 4292 quiin.
760 4238 795 4281 26.
812 4237 900 4281 Coun:
916 4237 1014 4280 saciari.

186 4370 227 4410 22.
247 4360 311 4426 Cap.
330 4361 407 4411 XVll.
