3008 5026
193 424 261 472 cte.
275 409 308 498 t]
487 429 533 479 ne
552 428 764 480 potestate
787 432 886 482 enta.

194 587 284 649 enim
314 587 419 649 homo
449 587 558 649 habet
580 587 780 650 libertatem
808 588 884 651 sine
912 585 1075 651 coactivo
1097 605 1184 669 pre·.

193 691 310 774 posito
342 690 387 753 ad
420 689 618 753 faciendum
651 711 730 754 cum
762 691 835 755 suis
868 691 967 774 quod
992 690 1089 754 foret
1111 689 1180 753 sibi

194 795 415 878 expedicius,
425 803 509 858 tunc
526 793 654 857 dicitur
663 797 725 859 sub
734 798 866 860 nullius
880 797 994 878 redigi
1004 799 1179 877 potestate,

193 909 233 962 ut
258 899 416 982 loquitur
437 900 638 981 Apostolus
666 898 692 964 I.
718 899 874 963 Corinth.
892 900 953 976 VI,
979 917 1027 975 ¹²3
1059 907 1098 963 et
1128 898 1180 962 sic

167 1019 181 1070 5
196 1003 334 1066 videtur
350 1003 564 1085 Apostolum
579 1003 679 1085 loqui
694 1003 720 1068 Ι.
737 1003 892 1068 Corinth.
901 1002 983 1081 VII,
999 1025 1019 1083 4
1038 1003 1179 1086 quando

194 1109 278 1172 dicit
309 1109 406 1191 quod
438 1110 599 1191 coniuges
625 1127 692 1172 uon
719 1110 839 1173 babent
866 1112 922 1172 sui
944 1109 1101 1191 corporis
1120 1126 1179 1189 po·

192 1219 355 1296 testatem,
380 1232 424 1276 eo
448 1214 547 1295 quod
570 1222 717 1295 oportet
740 1232 804 1276 eos
826 1232 873 1276 ex
897 1212 1020 1277 debito
1044 1211 1180 1276 servire

193 1317 261 1381 sibi
283 1317 469 1400 reciproce
484 1317 521 1381 in
538 1318 676 1382 actibus
693 1317 901 1397 carnalibus,
924 1317 1065 1399 quando
1083 1324 1181 1380 esset

193 1423 311 1487 utilius
335 1422 577 1504 contemplari.
616 1424 662 1487 Et
685 1422 736 1486 sic
760 1422 914 1485 servitus
939 1430 976 1485 et
1003 1420 1180 1503 obligacio

151 1530 239 1591 toad
271 1528 445 1590 carnalem
478 1529 641 1609 copulam
674 1526 709 1590 in
743 1526 911 1609 coniugio
949 1534 1032 1589 sunt
1067 1534 1180 1589 status

191 1631 391 1715 imperfecti
423 1632 691 1713 quodammodo
729 1632 856 1696 Preter
887 1630 974 1695 istas
1006 1629 1180 1712 significa·
1226 1635 1365 1681 aestuent

193 1737 315 1799 ciones
347 1735 496 1799 sumitur
528 1742 680 1818 potestas
711 1736 747 1799 in
778 1736 954 1817 scriptura
986 1755 1080 1797 nunc
1112 1754 1179 1817 pro
1190 1690 1392 1796 tnes‘epgnxgng·

193 1850 298 1903 sexto
322 1841 447 1903 ordine
472 1842 689 1922 angelorum,
722 1849 762 1902 ut
785 1839 903 1903 Colos.
926 1838 954 1918 I,
983 1840 1019 1901 16
1053 1847 1090 1901 et
1121 1792 1397 1902 altoriiiiiinineu.

193 1946 335 2029 quando
366 1964 433 2027 pro
465 1944 546 2028 ipso
579 1953 780 2026 potentatu,
812 1953 853 2007 ut
883 1943 990 2009 Rom.
1014 1942 1120 2023 XIII,
1149 1965 1179 2006 1:

151 2059 179 2109 15
195 2048 316 2114 Omnis
351 2052 473 2114 anima
501 2052 722 2131 potestatibus
753 2050 1011 2113 sublimioribus
1043 2049 1180 2112 subdita

190 2156 245 2217 stt.
269 2152 316 2216 Et
332 2156 546 2236 quandoque
563 2153 712 2217 sumitur
728 2152 900 2236 equivoco
916 2172 983 2235 pro
999 2161 1180 2235 potestate

192 2268 361 2339 pretensa
392 2260 451 2321 vel
482 2258 572 2322 false
601 2258 757 2341 palliata,
790 2267 831 2323 ut
860 2257 956 2320 Luce
979 2255 1104 2339 XXII,
1138 2276 1178 2337 53

193 2361 278 2425 dicit
294 2362 456 2426 Christus
472 2362 546 2426 suis
562 2362 785 2446 captoribus:
809 2362 883 2426 Hac
898 2368 946 2426 cst
959 2363 1047 2425 hora
1062 2369 1180 2427 vestra

191 2473 220 2530 et
242 2473 395 2550 potestas
421 2469 648 2534 tenebrarum.
693 2468 740 2530 Et
766 2467 852 2530 istas
880 2465 1179 2549 equivocaciones

149 2596 181 2630 ιο
190 2580 407 2654 potestatum
439 2580 585 2654 oportet
616 2571 809 2654 diligenter
836 2580 960 2634 notare
983 2573 1178 2636 secundum

190 2675 411 2758 pertinencia
432 2676 579 2740 materie
603 2676 784 2741 ventilate.

234 2780 403 2863 Quamvis
426 2791 543 2846 autem
567 2781 722 2845 nesciam
744 2781 893 2844 fundare
917 2780 1110 2847 efficaciter
1131 2801 1177 2844 ex
1233 2801 1271 2862 tu
1285 2801 1348 2844 nete

190 2885 376 2967 scriptura,
400 2887 495 2968 quod
520 2887 635 2969 aliqua
659 2886 704 2949 sit
726 2894 888 2968 potestas
909 2886 977 2950 nisi
991 2861 1386 2966 racionalis¹¹¹iiiiiiiiviii‘t

189 2990 366 3072 potencia,
389 2999 507 3054 tamen
524 2991 605 3073 quia
622 2991 763 3054 videtur
785 2991 1019 3055 Aristotelem
1043 3001 1081 3055 et
1095 2992 1177 3055 doc·
1201 2959 1383 3055 'ibiibi‘

147 3100 178 3151 25
190 3103 287 3157 tores
311 3104 454 3158 nostros
477 3095 576 3178 loqui
599 3095 794 3177 extensius,
818 3104 855 3158 et
877 3115 1008 3158 nomen
1032 3104 1089 3159 est
1103 3116 1177 3160 vox
1266 3074 1316 3106 ω’

189 3198 362 3261 sensitiva
378 3200 422 3262 ad
437 3200 614 3282 placitum,
631 3200 715 3263 satis
732 3210 884 3282 possunt
899 3199 1036 3263 admitti
1052 3219 1177 3264 omnes

190 3302 476 3387 significaciones
509 3304 648 3369 termini
681 3305 895 3387 supradicte,
933 3324 1012 3367 nam
1048 3306 1176 3369 beatus

189 3407 368 3486 Johannes
406 3409 572 3492 intelligit
609 3409 645 3472 in
683 3409 797 3491 primo
835 3409 925 3473 libro
961 3409 1176 3491 prophetico

106 3516 160 3567 162‘
188 3511 349 3576 homiues
365 3514 561 3577 bestialiter
574 3524 839 3578 conversantes.
851 3512 854 3598 l
866 3514 908 3577 In
921 3513 1020 3578 cuius
1036 3513 1177 3596 signum

145 3616 336 3699 30Apocal.
374 3617 431 3680 IX
474 3618 646 3682 describit
686 3618 821 3682 bestias
861 3618 1176 3702 descripcionibus,

188 3722 311 3804 quales
339 3742 412 3785 non
435 3733 589 3805 possunt
617 3724 850 3805 corporaliter
875 3733 1084 3806 competere
1108 3724 1176 3786 ani-

188 3826 276 3890 mali.
293 3826 345 3890 Ut
360 3835 460 3908 patet
474 3829 516 3891 de
538 3830 686 3905 locustis,
703 3847 791 3910 quas
807 3827 893 3890 dicit
907 3829 1029 3891 habere
1044 3830 1177 3891 caudas

186 3932 318 3994 similes
332 3934 563 4014 scorpionum,
579 3939 608 3997 et
623 3934 734 3996 aculei
748 3938 848 3997 eraut
863 3934 1176 3998 iuvcoudtseorum.

241 4153 273 4196 16.
284 4154 324 4197 ΑΒ
334 4154 357 4198 tn
369 4166 456 4210 merga
468 4155 573 4199 Potestas
580 4160 699 4211 pretenta.
742 4156 779 4200 28.
789 4156 879 4210 prt'mo,·
893 4155 990 4199 rectiusz
1000 4154 1024 4198 tu
1032 4154 1074 4198 ttto
1082 4171 1107 4193 =
1115 4154 1138 4198 in
1148 4165 1176 4197 ¹⁰-

239 4276 347 4326 11-19.
368 4264 488 4325 Quaene
503 4274 632 4329 potestate
651 4263 701 4314 hoc
720 4265 780 4314 loco
799 4273 981 4314 memorantur
1005 4264 1032 4312 ln
1049 4263 1176 4314 Iohannis

186 4353 242 4404 llus
253 4353 290 4403 De
301 4352 418 4402 Ecclesia
432 4350 476 4402 iol.
491 4348 553 4416 217⁵
567 4350 725 4401 verbotenus
740 4352 860 4417 legimus.
933 4352 972 4402 32.
987 4352 1070 4416 Apoc.
1082 4350 1124 4415 IX,
1139 4366 1175 4401 to.
