3008 5026
182 389 247 436 car.
260 375 303 464 n]
475 395 520 445 ns
539 393 750 445 potestate
771 392 867 445 enee.

181 550 293 635 igneis
308 551 391 618 Act.
406 550 457 623 11;
481 550 604 634 quinta
619 550 741 634 opinio
758 550 844 615 dicit
867 551 967 634 quod
988 549 1023 612 in
1046 568 1166 612 ascen·

182 655 289 735 sione,
305 658 449 739 quando
462 655 566 721 dixit:
584 655 644 738 Ite,
655 658 768 720 docete
782 675 899 720 omnes
910 661 1037 738 gentes,
1054 654 1166 735 bapti-

180 766 291 825 cantes
322 780 379 825 eos
400 761 525 824 Matth.
548 762 623 831 ult;
656 768 760 824 sexta
792 759 914 843 opinio
946 758 1033 823 dicit
1059 757 1168 840 quod,

182 864 321 946 quando
353 864 469 948 primo
501 863 597 928 misit
627 864 812 948 apostolos
844 865 890 927 ad
913 862 1169 947 predicandum

161 968 304 1033 §Mattn
326 967 374 1048 X,
397 973 417 1032 8
441 968 540 1033 dicit:
564 967 733 1049 Infirmos
754 975 880 1034 curate.

222 1071 298 1139 Sed
320 1073 449 1137 doctor
464 1075 636 1157 reprobat
651 1093 775 1137 omnes
793 1072 880 1136 istas
896 1091 964 1135 sex
980 1070 1169 1155 opiniones

181 1198 245 1262 per
256 1179 327 1241 hoc
343 1180 450 1261 quod,
466 1178 608 1260 quando
623 1175 711 1241 fecit
726 1197 790 1240 eos
805 1178 991 1259 apostolos
1002 1174 1102 1238 dedit
1117 1174 1169 1238 eis

181 1291 398 1366 potestatem
415 1281 469 1346 sui
485 1281 604 1362 officii,
620 1302 690 1365 que
708 1290 764 1345 est
778 1290 941 1365 potestas
957 1278 1169 1354 sacerdocii;

181 1408 247 1452 nec
279 1387 442 1470 sequitur
473 1388 571 1470 quod
602 1386 725 1469 primo,
758 1387 900 1469 quando
933 1384 1090 1469 precipit
1117 1383 1170 1449 eis

147 1492 246 1556 tohec
262 1491 390 1572 facere,
404 1492 606 1555 habuerunt
619 1490 822 1554 huiusmodi
831 1498 1059 1573 potestatem.
1081 1489 1171 1553 Nam

181 1597 257 1677 Joh.
274 1596 337 1675 IV,
354 1617 371 1660 2
395 1597 528 1678 legitur
551 1597 649 1678 quod
670 1595 817 1659 vivente
837 1594 1002 1679 Baptista
1017 1593 1172 1678 apostoli

180 1701 403 1784 baptizarunt
427 1709 464 1766 et
486 1701 537 1765 sic
553 1700 784 1784 predicarunt
799 1709 838 1765 et
851 1702 960 1763 multa
975 1698 1171 1763 sacerdotis

182 1806 298 1869 officia
334 1815 416 1869 ante
452 1815 603 1870 mortem
636 1804 766 1869 Christi
807 1814 1052 1881 exercuerant,
1091 1823 1171 1867 cum

180 1909 301 1974 Yudas
329 1909 396 1975 fuit
425 1911 626 1994 episcopus,
652 1920 693 1974 ut
717 1909 844 1974 dicitur
865 1911 1023 1973 Actuum
1045 1907 1170 1990 primo.

105 2017 151 2086 ¹69·
222 2014 264 2077 In
295 2013 364 2078 ista
388 2013 393 2099 Ι
417 2015 563 2078 materia
593 2015 760 2079 videntur
791 2013 875 2077 mihi
905 2013 972 2078 tria
1004 2012 1204 2077 dicendatln
1220 2031 1277 2077 sucu
1291 2041 1387 2079 manen

179 2120 298 2183 Primo
322 2119 421 2202 quod
443 2119 625 2183 sentencia
647 2119 714 2184 ista
737 2118 896 2183 doctoris
919 2117 966 2181 sit
985 2117 1071 2181 satis
1085 2138 1167 2201 pro·
1199 2088 1360 2204 &iiiiii

180 2222 317 2305 babilis,
349 2225 508 2288 secundo
536 2224 678 2288 videtur
709 2222 793 2287 mihi
816 2242 943 2286 vanum
970 2221 1072 2286 nimis
1098 2221 1168 2286 dis·
1182 2192 1379 2288 'biiiiffi'ifm

181 2339 303 2393 cutere
335 2329 477 2411 quando
519 2327 673 2412 apostoli
708 2326 988 2410 baptizabantur,
1032 2325 1168 2388 ordina·

181 2435 308 2497 bantur
322 2432 358 2496 in
374 2433 582 2497 sacerdotes
604 2434 663 2496 vel
680 2441 899 2496 sacramenta
915 2431 982 2494 alia
997 2429 1168 2493 ministra·

144 2555 173 2592 ²0
180 2546 306 2602 verant
325 2538 402 2601 sive
422 2547 635 2621 receperant
651 2539 741 2600 ultra
750 2538 849 2620 quod
865 2545 922 2601 est
931 2535 968 2599 in
978 2533 1168 2617 evangelio

182 2650 439 2726 expressatum.
464 2641 578 2707 Scivit
595 2641 686 2705 enim
704 2640 866 2706 Christus
887 2641 984 2724 quod
1006 2639 1169 2703 infideles

181 2746 361 2812 christiani
383 2747 486 2831 signa
509 2756 701 2830 querentes
717 2747 761 2809 ad
777 2744 1046 2810 sacramentalia
1060 2743 1169 2808 sensi·

180 2852 272 2934 bilia,
304 2851 447 2916 dimissa
478 2871 518 2914 re
551 2850 773 2928 sacramenti,
806 2850 1046 2921 attenderent3
1084 2848 1168 2913 ideo
1244 2888 1324 2933 cm,

181 2956 226 3019 de
266 2955 461 3019 ministerio
504 2962 802 3019 sacramentorum
844 2954 1045 3018 huiusmodi
1085 2942 1385 3049 facitoppssffi'ffim

142 3062 170 3115 25
179 3060 352 3124 modicam
374 3059 606 3140 mencionem,
640 3061 705 3123 sed
732 3068 771 3123 ut
795 3079 865 3143 ego
890 3060 999 3123 credo
1021 3057 1169 3122 insensi-
1205 3047 1361 3143 ’Ἢζξίζῇᾞ

179 3165 297 3229 biliter
321 3163 397 3227 sine
414 3173 634 3228 sacramento
652 3162 820 3246 sensibili,
843 3174 1020 3246 tamquam
1036 3162 1170 3247 primus
1214 3159 1352 3196 sacrament.

180 3268 349 3351 magister
372 3269 548 3332 ordinavit
563 3288 648 3331 suos
665 3269 851 3351 apostolos
868 3267 1085 3333 sacerdotes.
1109 3265 1170 3332 Sic

181 3374 272 3440 enim
304 3372 558 3439 insensibiliter
591 3373 768 3437 ordinavit
801 3373 956 3456 Moysen
987 3373 1024 3436 in
1055 3371 1171 3435 veteri

180 3487 407 3557 testamento,
439 3478 518 3561 ipse
550 3486 667 3542 autem
689 3477 757 3541 fuit
779 3478 959 3555 sacerdos,
990 3477 1076 3540 licet
1098 3496 1171 3539 non

143 3583 350 3647 30Aaronita
373 3582 590 3646 sensibiliter
614 3581 810 3658 ordinatus;
837 3591 874 3645 et
896 3582 944 3644 ita
966 3580 1170 3665 ignoramus

182 3688 304 3770 locum,
328 3696 470 3770 tempus
494 3695 532 3749 et
554 3686 713 3763 formam,
746 3686 875 3769 quibus
904 3685 1057 3769 apostoli
1080 3683 1170 3748 ordi·

180 3791 253 3855 nati
273 3791 414 3855 fuerant
436 3791 659 3865 sacerdotes;
688 3793 860 3854 debemus
884 3798 1001 3853 tamen
1022 3791 1170 3855 credere

181 3897 279 3979 quod
324 3895 356 3959 si
400 3893 527 3959 fuisset
574 3896 655 3977 plus
701 3895 943 3960 necessarium
977 3897 1023 3959 ad
1063 3894 1170 3958 fidem

233 4185 271 4231 28.
286 4186 327 4230 ΑΒ
341 4185 365 4229 in
380 4198 467 4242 marga
483 4186 571 4231 Moitee
577 4185 631 4245 suit
644 4188 763 4241 sacerdos,
778 4199 823 4230 non
839 4187 964 4231 aaronita.

234 4330 257 4381 3.
275 4327 366 4380 Matth.
384 4327 499 4388 XXVIII,
522 4344 560 4396 ¹9·

232 4419 265 4460 De
277 4421 391 4461 Polemio
402 4421 466 4466 Pube.
