3008 5026
176 409 243 457 cae.
257 393 299 483 a]
470 413 515 464 na
535 412 746 464 noresmae
765 412 866 462 rupe.

176 571 339 656 corporei
386 581 425 635 ut
466 572 623 634 membra
664 567 834 647 hominis;
882 568 1038 631 secunda
1082 587 1160 631 cum

176 678 330 739 membra
352 675 423 740 sint
445 675 590 753 mistica,
612 695 684 738 non
707 681 886 757 repugnat
908 674 970 737 sed
993 673 1161 737 convenit

176 781 273 864 quod
287 800 394 844 unum
409 782 605 843 membrum
619 781 748 843 habeat
758 777 980 842 diversorum
990 797 1161 860 generum

177 884 308 964 officia;
340 887 446 949 homo
480 885 572 949 enim
606 892 661 947 est
692 882 792 966 quasi
825 882 1048 963 universitas,
1079 881 1161 946 ideo

156 989 242 1053 §sibi
274 989 440 1053 convenit
470 989 645 1052 instanter
681 1006 789 1071 agere
822 996 990 1069 quantum
1027 996 1161 1071 potest.

175 1093 301 1158 Tereia
313 1092 500 1158 diversitas
524 1102 589 1175 est,
611 1091 695 1157 licet
718 1093 875 1155 membra
890 1090 1042 1155 ecclesie
1057 1093 1161 1155 habe·

176 1208 234 1262 ant
265 1198 417 1262 virtutes
453 1197 605 1262 influxus
641 1217 662 1260 a
693 1195 841 1275 Christo,
879 1195 971 1260 sicut
1006 1198 1163 1259 membra

177 1302 336 1385 corporis
367 1305 502 1366 habent
533 1303 685 1366 virtutes
716 1301 867 1365 influxas
904 1304 947 1365 ab
983 1300 1106 1377 anima,
1143 1320 1163 1364 a

177 1407 305 1490 quibus
327 1416 508 1490 ponuntur
530 1408 567 1472 in
590 1427 670 1471 esse
694 1408 941 1488 membrorum,
973 1414 1090 1470 tamen
1113 1406 1162 1469 in·

144 1511 324 1575 afluencia
346 1511 445 1595 prior
469 1522 505 1576 et
527 1514 766 1576 membrorum
787 1512 952 1595 operacio
968 1520 1025 1576 est
1039 1514 1161 1576 volun·

175 1615 260 1680 taria
291 1624 329 1680 et
359 1617 522 1701 graciosa
555 1626 591 1681 et
621 1616 810 1699 meritoria,
850 1626 886 1680 et
923 1618 1082 1681 secundo
1113 1615 1161 1681 in·

174 1720 323 1784 fluencia
364 1721 478 1785 anime
521 1729 558 1784 et
594 1723 832 1784 membrorum
874 1721 1041 1803 operacio
1081 1731 1163 1786 sunt

175 1826 349 1889 naturales
368 1835 404 1889 et
419 1826 687 1908 permanencius
707 1827 955 1908 perdurantes:
971 1825 1057 1889 licet
1072 1825 1161 1888 enim

175 1930 368 1993 membrum
392 1930 547 1992 ecclesie
570 1939 699 2013 posset
713 1928 878 1992 facillime
894 1929 1020 1993 mutari
1037 1949 1084 1993 ex
1100 1950 1164 1994 sua

142 2033 406 2098 iivertibilitate
440 2035 483 2096 ab
517 2054 588 2098 uno
625 2036 784 2097 membro
821 2033 857 2096 in
892 2034 986 2098 aliud
1023 2036 1082 2098 vel
1116 2054 1163 2097 ex

176 2137 377 2202 variacione
401 2138 522 2222 operis
540 2138 703 2203 desinere
727 2158 807 2202 esse
822 2141 1017 2202 membrum
1032 2139 1162 2220 vivum,

174 2244 241 2307 hoc
264 2250 382 2306 tamen
407 2263 477 2307 non
500 2253 625 2327 potest
648 2244 855 2329 contingere
880 2263 927 2307 ex
960 2242 1164 2308 differencia

175 2348 319 2432 spiritus
351 2346 539 2429 influentis,
572 2350 666 2412 unde
699 2349 781 2431 quia
812 2357 889 2413 tota
920 2349 1066 2413 materia
1096 2349 1165 2414 ista

176 2462 229 2516 est
252 2451 478 2528 insensibilis,
503 2463 560 2517 est
582 2455 689 2536 plena
710 2452 875 2516 illusione
898 2453 1103 2537 zophistica.

139 2578 166 2616 ιο
217 2556 289 2623 Sed
315 2567 483 2639 quantum
508 2559 552 2621 ad
575 2558 733 2623 ultimum
756 2558 893 2622 scilicet
918 2558 1162 2641 perdicionem
1182 2581 1299 2644 uenae·
1314 2583 1367 2626 who

174 2661 353 2745 potencie,
377 2662 527 2741 videtur,
561 2684 640 2726 cum
671 2672 834 2746 potestas
865 2664 923 2727 illa
949 2663 994 2727 sit
1016 2664 1164 2728 licencia
1173 2635 1222 2731 *lii
1231 2640 1287 2730 ¹1¹¹er
1295 2635 1379 2732 'iiiii'

176 2766 357 2850 operandi,
382 2769 480 2850 quod
502 2769 717 2850 generaliter
737 2767 898 2851 perditur
920 2788 987 2851 per
1008 2771 1163 2849 mortale,
1231 2751 1318 2794 power.

176 2891 253 2934 cum
292 2872 338 2937 sit
369 2872 527 2939 illicitum
560 2874 622 2936 tali
656 2873 788 2956 aliquid
820 2874 968 2956 operari.
1013 2874 1060 2937 Et
1096 2873 1165 2938 ista

174 2975 316 3041 videtur
348 2978 531 3043 sentencia
561 2977 658 3043 beati
691 2978 856 3062 Gregorii
887 2979 1005 3061 posita
1035 2980 1072 3043 in
1105 2980 1162 3042 de·

135 3082 282 3146 ricretis
305 3083 373 3167 XI,
398 3105 431 3167 q.
455 3083 524 3147 III:
554 3084 640 3167 Ipse,
663 3084 786 3167 inquit,
813 3086 952 3166 ligandi
972 3090 1071 3166 atque
1092 3086 1161 3149 sot-

174 3190 273 3251 ueudi
292 3194 457 3270 potestate
478 3208 514 3253 se
531 3191 662 3270 privat,
684 3191 743 3270 qui
762 3190 851 3252 hauc
869 3208 937 3270 pro
952 3191 1026 3253 suis
1041 3191 1161 3253 uoluu-

173 3293 300 3356 tatibus
332 3299 361 3356 et
392 3311 459 3357 nou
491 3295 708 3357 subditorum
747 3294 902 3357 moritus
940 3301 1074 3358 exercet.
1117 3294 1163 3359 Et

175 3396 349 3480 sequitur:
388 3398 551 3469 Iudicare
587 3400 691 3480 digua
727 3399 769 3461 de
805 3400 951 3462 subditis
988 3406 1162 3480 nequeunt,

96 3508 150 3569 ¹7¹⁸
174 3503 232 3584 qui
251 3499 255 3584 Ι
276 3503 312 3564 iu
334 3503 550 3566 subditorum
573 3505 690 3567 causis
711 3522 777 3566 sua
800 3504 852 3567 vet
874 3505 952 3565 odio
974 3505 1025 3567 vet
1036 3506 1163 3585 gracia

134 3608 370 3688 iosequuutur.
399 3607 498 3686 Tuuc,
532 3606 647 3690 inquit
680 3627 762 3671 uera
785 3614 834 3672 est
856 3609 1027 3671 absolucio
1044 3610 1161 3690 presi-

173 3712 294 3787 dentis,
332 3731 410 3776 cum
448 3714 576 3775 iuterui
612 3714 764 3794 sequitur
802 3713 989 3775 arbitrium
1027 3714 1162 3792 iudicis

173 3817 264 3895 qriod
296 3817 376 3878 bene
406 3817 646 3896 quadriduani
676 3817 808 3880 mortui
843 3817 1063 3880 resuscitacio
1100 3818 1163 3880 itta

173 3920 299 4000 signat,
333 3921 415 4000 quia
444 3922 548 4002 prius
570 3919 744 3986 Dominus
775 3927 954 3985 mortuum
986 3923 1163 3986 suscitavit

227 4169 264 4203 πο.
281 4158 298 4201 B
313 4158 337 4202 in
351 4172 438 4215 murga
458 4160 561 4204 Perdere
575 4164 729 4215 potestatam
747 4164 768 4205 Α
787 4162 811 4205 in
831 4174 919 4217 merga
938 4159 1077 4204 Potestatem
1095 4160 1163 4204 tamo

172 4227 251 4281 perdit
261 4239 308 4282 per
318 4233 437 4284 peecatum
451 4229 557 4273 mortale.

227 4356 267 4408 25.
287 4355 389 4406 Decreti
414 4357 529 4406 secunda
553 4371 621 4422 pars,
640 4358 725 4408 Causa
747 4357 789 4425 xl,
814 4373 840 4424 q.
860 4356 901 4419 lll,
925 4371 982 4423 cep.
1003 4356 1161 4407 ix-txn.
