3008 5026
722 401 892 452 JOHANNIS
912 399 1052 450 WYCLIF
1247 381 1331 462 [CAP.
1347 395 1387 440 x1.

393 557 511 620 XXX
544 567 580 620 et
610 557 762 620 Levitici
784 556 885 633 VIII,
917 556 1028 618 multo
1060 553 1174 636 magis
1204 553 1318 638 igitur
1349 553 1387 617 in

393 679 489 723 novo
513 669 739 734 testamento,
772 660 833 722 ubi
861 660 971 723 debet
1000 677 1081 723 esse
1108 658 1144 721 in
1167 657 1387 740 perfecciori

394 763 518 826 ordine
541 762 652 826 maior
676 762 873 826 distinccio.

436 866 504 929 Hic
538 866 666 929 dicitur
698 866 795 949 quod
827 866 939 948 prima
963 864 1147 928 conclusio
1176 874 1232 927 est
1255 884 1386 928 conce·

392 970 518 1036 denda.
535 967 651 1033 Omne
677 969 770 1032 enim
787 970 884 1052 quod
898 969 965 1033 erit
975 969 1226 1051 contingenter
1236 977 1411 1050 oportet5

393 1093 474 1138 esse
497 1072 715 1137 necessitate
739 1093 786 1135 ex
810 1071 1077 1155 supposicione‚
1101 1092 1181 1135 cum
1196 1072 1297 1134 Deus
1319 1091 1386 1134 ne·

393 1177 548 1240 cessario
582 1178 787 1240 eternaliter
818 1177 934 1240 noscit
964 1176 1052 1239 illud
1085 1186 1120 1238 et
1153 1175 1293 1239 ordinat
1324 1176 1386 1238 vel

391 1281 508 1363 ipsum
532 1281 590 1343 vel
613 1280 659 1343 de
683 1280 764 1362 ipso
788 1281 928 1344 bonum.

208 1387 286 1439 Tffl‘t
302 1389 342 1431 ¹³⁰¹
434 1383 508 1449 Sed
540 1404 607 1466 pro
639 1383 786 1447 materia
815 1383 1017 1466 argumenti
1053 1383 1247 1446 notandum
1285 1385 1386 1464 quod

179 1441 380 1537 omittffltssgffl
390 1489 517 1572 aliquis
548 1489 775 1572 pretenditur
808 1509 888 1553 esse
921 1490 1021 1565 ord0,
1059 1487 1095 1550 in
1128 1508 1199 1571 quo
1230 1496 1387 1570 propter
1401 1511 1430 1545 ιο

188 1547 230 1589 'm
245 1546 367 1590 mm
391 1593 571 1656 defectum
605 1593 739 1657 ordinis
771 1594 878 1656 homo
910 1601 1039 1675 peccat
1071 1600 1108 1655 et
1138 1591 1264 1675 aliquis
1294 1593 1386 1654 ordo

392 1707 457 1773 est,
479 1697 572 1761 circa
587 1716 692 1779 quem
708 1706 861 1779 propter
877 1696 1056 1759 defectum
1072 1695 1385 1778 preponderancie

390 1803 497 1864 homo
514 1809 652 1883 peccat.
675 1798 907 1863 Pretenditur
929 1809 1047 1862 autem
1064 1818 1145 1862 esse
1162 1798 1262 1874 ord0‚
1286 1799 1387 1880 quod

391 1925 486 1987 papa
508 1905 554 1968 sit
577 1905 709 1967 mundo
733 1903 936 1980 ditissimus,
965 1913 1002 1965 et
1025 1911 1144 1966 tamen
1172 1910 1228 1966 est
1249 1903 1386 1965 abusus

391 2008 524 2071 ordinis
546 2007 818 2081 abiectissimus,
852 2027 930 2071 cum
955 2006 1117 2070 Christus
1145 2006 1245 2070 cuius
1269 2005 1387 2068 ordini
1401 2015 1428 2064 15

392 2110 612 2174 strictissime
645 2110 827 2191 obligatur
858 2110 926 2173 fuit
957 2110 1088 2172 mundo
1116 2109 1383 2192 pauperrimus;

393 2224 517 2296 potest
540 2223 657 2276 tamen
681 2214 784 2277 titulo
807 2213 1002 2277 elemosine
1025 2213 1191 2296 accipere
1214 2212 1385 2275 benedic·

391 2318 529 2380 cionem
554 2320 597 2380 ab
620 2318 774 2394 homine,
799 2318 850 2381 sic
873 2319 972 2401 quod
994 2336 1061 2380 nec
1078 2317 1124 2381 sit
1140 2316 1271 2379 exinde
1287 2315 1384 2378 fastu

392 2423 451 2484 vel
473 2421 626 2484 avaricia
653 2431 846 2504 soporatus
873 2441 940 2484 nec
963 2443 984 2483 a
1006 2420 1125 2503 papali
1153 2418 1272 2482 officio
1300 2420 1384 2501 plus

390 2527 599 2588 abstractus.
625 2523 733 2606 Quod
756 2525 786 2588 si
810 2524 1061 2588 elemosInacio
1077 2542 1252 2606 perversa
1267 2532 1324 2586 est
1347 2521 1385 2584 in
1396 2544 1428 2581 κο

391 2627 682 2704 dominacionem,
706 2635 829 2692 sancta
850 2627 1054 2710 predicacio
1073 2626 1111 2690 in
1125 2626 1197 2690 litis
1213 2625 1384 2690 secularis

392 2732 638 2796 defensionem
667 2740 703 2794 et
727 2731 873 2795 affeccio
897 2731 1089 2813 spiritualis
1111 2731 1201 2793 lucri
1228 2729 1383 2793 ecclesie

389 2835 424 2898 in
457 2835 682 2899 mundialium
716 2834 956 2912 affeccionem
994 2844 1078 2898 tunc
1107 2843 1164 2898 est
1194 2834 1302 2916 plena
1322 2835 1382 2895 ab·

389 2937 587 3002 hominacio
613 2938 851 3003 desolacionis
874 2938 964 3003 Dan.
984 2937 1041 3001 IX
1058 2946 1095 3001 et
1109 2938 1234 3001 Matth.
1248 2936 1384 3000 XXIV

391 3042 553 3126 capitulis
584 3043 809 3126 prophetata
853 3041 901 3105 Et
934 3043 1039 3106 talem
1071 3051 1203 3105 vocant
1240 3041 1427 3125 quidam25

389 3168 519 3230 papam
552 3166 734 3211 cesareum
767 3157 803 3210 et
835 3147 938 3210 alium
962 3145 1182 3211 condicionis
1211 3145 1383 3228 opposite

390 3271 520 3333 papam
544 3250 682 3316 Christi
715 3250 820 3313 Unde
844 3252 971 3315 beatus
994 3249 1223 3314 Bernhardus
1245 3251 1290 3313 ad
1313 3249 1382 3312 Eu·

392 3354 535 3439 genium
568 3355 721 3419 destruit
761 3357 888 3419 multas
919 3356 1066 3419 hereses
1096 3354 1200 3419 istius
1223 3354 1382 3430 materie,

390 3479 469 3521 nam
499 3458 536 3521 in
567 3458 638 3521 fine
670 3458 751 3522 libri
772 3458 826 3522 IV
848 3459 1005 3541 loquitur
1037 3468 1161 3522 contra
1188 3459 1383 3522 dominium

389 3561 542 3625 ecclesie
575 3566 642 3629 sub
674 3562 742 3625 hiis
765 3561 901 3628 verbis:
928 3561 1130 3628 Considercs
1155 3568 1234 3626 ante
1261 3563 1383 3625 omnia
1395 3572 1428 3623 30

388 3672 544 3729 sanctam
560 3665 758 3731 Romanam
774 3668 960 3744 ecclesiam,
975 3668 1033 3730 cni
1051 3664 1120 3730 Deo
1137 3671 1257 3729 autore
1268 3685 1382 3747 prece,

443 3903 464 3947 5.
478 3905 501 3947 Α
519 3904 543 3947 ln
559 3915 646 3957 marga
664 3902 777 3946 Concedit
795 3903 876 3959 altana
895 3915 947 3947 essa
966 3904 1137 3960 contingenter,
1156 3906 1214 3948 ann
1230 3906 1381 3949 contradicit.

389 3986 411 4029 9.
421 3973 497 4018 Codd.
513 3973 536 4017 in
553 3985 638 4027 marga
655 3971 721 4017 Ordo
732 3973 826 4028 duplex.
883 3973 919 4017 23.
929 3972 1005 4017 Codd.
1014 3989 1019 4017 :
1029 3973 1191 4030 affcccionnm.
1240 3987 1277 4029 ²4·
1289 3973 1382 4020 codd:

390 4045 412 4087 ln
431 4055 516 4099 marga
539 4044 705 4086 Abnominact'o
720 4044 885 4086 desolacionis.
950 4055 987 4099 ²7·
1002 4046 1023 4088 Α
1038 4045 1061 4088 in
1077 4056 1163 4099 marga
1182 4045 1336 4088 Berntardnr
1349 4048 1384 4089 act

391 4113 530 4169 Eugenium.
585 4110 621 4156 30.
638 4112 715 4156 Codd.
730 4112 753 4155 in
769 4124 856 4167 marga
876 4112 939 4167 Pape
953 4113 1100 4157 condiciones
1113 4125 1149 4168 34
1167 4114 1291 4157 secundnm
1307 4116 1381 4160 Bern-

390 4183 497 4225 nardum.
553 4180 588 4226 ³1.
606 4186 711 4225 sanctam
717 4196 726 4232 ,·
740 4182 822 4225 codd:
838 4182 934 4226 scilicet.

442 4307 483 4357 30.
502 4309 538 4357 St.
559 4309 684 4358 Bemnrdi
705 4307 721 4359 l.
741 4324 763 4358 c.
783 4323 808 4372 p.
828 4306 886 4373 788.
