3008 5026
185 409 261 459 cm.
277 395 343 486 vn]
489 416 534 466 us
554 415 767 466 peresum
785 415 884 467 ems.

184 593 309 637 vorem
324 571 445 635 mundi
458 570 718 634 lucrificacione
729 569 861 634 Christi
874 571 1089 653 postposita.
1103 573 1178 636 Re·

185 678 265 741 cole
288 676 471 759 quomodo
488 675 600 738 Petro
624 676 772 738 dabatur
793 675 916 766 titulus
938 675 1177 748 beatitudinis.

185 783 269 865 quia
283 801 366 846 caro
382 787 413 844 et
433 781 579 862 sangnis
592 799 661 844 non
683 780 846 844 revelavit
866 781 941 857 sibi,
963 789 1000 845 et
1013 801 1081 863 per
1096 800 1177 844 con·

186 907 343 970 sequens
359 905 407 949 ex
425 905 520 968 equo
545 883 716 967 opposito
733 883 883 967 acquirit
897 884 1038 948 titulum
1060 886 1178 970 damp-

161 990 345 1054 5naci0nis
373 989 435 1072 qui
459 998 612 1072 propter
638 1008 780 1051 carnem
805 989 865 1051 vel
891 988 1100 1073 sanguinem
1127 989 1180 1051 sic

186 1095 317 1178 accipit
346 1094 406 1157 vel
433 1093 614 1157 distribuit
639 1095 735 1155 bona
756 1092 838 1158 Dei.
876 1092 1031 1172 Consule,
1056 1092 1180 1175 inquit,

184 1200 432 1263 conscienciam
447 1204 556 1271 tuam,
571 1204 689 1261 utrum
700 1199 811 1279 plura
825 1198 1051 1263 ecclesiastica
1066 1197 1181 1280 queris

185 1303 357 1383 beneficia,
372 1309 409 1366 ui
422 1304 554 1366 caritas
567 1307 739 1383 angeatur
753 1305 790 1366 in
810 1303 927 1367 ovibim
943 1308 1005 1366 out
1019 1308 1056 1366 tn
1071 1313 1179 1382 ange·

185 1410 262 1472 aris
292 1427 334 1472 ex
355 1409 471 1472 ovium
493 1408 662 1489 operibus,
690 1413 728 1469 ui
754 1412 791 1470 tu
815 1425 944 1488 pascas
969 1426 1048 1471 oves
1070 1408 1181 1480 verbo,

147 1538 177 1572 ιο
186 1514 341 1595 exemplo
360 1518 391 1576 ei
410 1513 571 1576 oracione
592 1517 654 1575 aui
671 1513 884 1594 inposueris
897 1531 940 1576 ex
954 1513 1071 1577 ovium
1087 1514 1181 1593 laete,

187 1619 262 1681 vide
290 1623 407 1680 citrum
431 1616 502 1680 Deo
530 1617 642 1679 dicere
667 1617 784 1697 possis
814 1634 893 1679 enm
916 1615 1110 1697 Augustino
1141 1619 1177 1680 in

187 1720 238 1784 De
261 1721 374 1784 Verbis
389 1720 532 1784 Domini
542 1718 706 1783 Sermone
720 1718 858 1782 XLIX:
880 1719 1037 1798 Domine,
1060 1723 1179 1785 tuscis

186 1827 268 1905 quia
290 1825 373 1902 dixi,
395 1825 463 1889 scis
484 1825 566 1906 quio
588 1842 656 1886 non
671 1825 775 1903 iacui,
797 1825 866 1889 scis
879 1842 944 1905 qno
960 1826 1080 1888 animo
1095 1826 1180 1902 dixi,

187 1932 255 1994 scis
275 1932 358 2013 quia
374 1931 470 2009 flevi,
492 1948 571 1993 cum
594 1931 744 1993 dicerem
767 1935 797 1992 el
819 1948 888 1992 non
910 1931 1072 2005 audirem
1103 1933 1181 2012 ipsa

148 2041 268 2116 ripule
283 2037 419 2117 integra
433 2036 530 2098 rocio
553 2039 601 2097 esi
624 2040 754 2098 nostra.
778 2033 820 2096 ln
842 2033 912 2098 ista
932 2034 1078 2098 materia
1100 2053 1181 2098 con·

188 2138 333 2202 vincere
355 2148 480 2221 potest
498 2139 580 2221 pius
597 2141 802 2221 theologus,
825 2139 1016 2203 attendens
1039 2139 1084 2202 ed
1100 2159 1180 2202 con·
1205 2154 1342 2215 tremene
1355 2158 1380 2198 οι

188 2243 434 2307 versacionem
470 2243 679 2326 pontificum
717 2243 918 2327 ydolorum,
956 2244 1054 2326 quod
1092 2263 1180 2327 pec·
1242 2217 1345 2263 amouy.

189 2357 305 2410 catum
337 2346 506 2430 Symonis
539 2357 596 2411 est
625 2357 697 2410 tam
727 2348 873 2430 publice
900 2347 1109 2418 induratum,
1141 2356 1182 2410 ut

188 2452 256 2516 nisi
279 2461 403 2535 pastor
425 2472 580 2515 summus
603 2454 716 2515 trahat
740 2453 872 2515 clerum
899 2453 944 2516 ad
967 2452 1075 2516 vitam
1097 2472 1181 2535 pau·

146 2577 312 2640 nopotem
342 2577 411 2639 per
441 2557 727 2621 subtraccionem
751 2557 1021 2621 elemosinarum
1047 2557 1181 2620 secula·

189 2661 289 2743 rium,
320 2671 391 2724 tam
414 2680 506 2742 grex
530 2681 634 2744 quam
656 2670 821 2744 pastores
845 2663 978 2725 vadent
1000 2661 1035 2725 in
1067 2661 1181 2745 preci·

189 2765 331 2847 picium
371 2764 506 2848 Stupor
534 2766 626 2829 enim
653 2767 755 2830 huius
779 2766 911 2830 veneni
937 2766 1111 2830 mortiferi
1133 2786 1181 2829 ex

190 2869 324 2933 diutina
356 2870 614 2933 consuetudine
646 2872 692 2934 ad
722 2880 859 2936 tantum
890 2871 1047 2947 invaluit,
1086 2871 1181 2954 quod

189 2975 301 3037 verba
324 2975 583 3057 quantumlibet
606 2984 710 3039 acuta
733 2985 770 3039 et
786 2996 834 3038 ex
848 2976 917 3039 fide
934 2974 1181 3039 desiderabilia

147 3089 261 3141 iinon
292 3088 441 3142 movent
476 3080 608 3142 clerum
639 3080 930 3162 possessionibus
965 3088 1181 3163 soporatum.

189 3183 278 3247 Ideo
305 3204 378 3247 non
404 3192 516 3249 restat
542 3184 611 3248 nisi
637 3186 817 3249 denudare
845 3194 1055 3250 stertentem
1086 3184 1181 3247 litar-

189 3288 319 3371 gicum,
356 3289 597 3353 subtrahendo
636 3291 872 3354 velamentum
914 3290 1182 3373 sompniferum3

190 3392 272 3455 olim
300 3393 392 3456 enim
415 3393 634 3457 verificatum
658 3404 714 3457 est
739 3394 824 3457 illud
847 3395 1018 3480 Apostoli
1047 3394 1181 3458 Hebre.

189 3496 234 3578 V,
258 3518 293 3576 4:
321 3497 429 3562 Nemo
455 3501 522 3562 sibi
548 3501 655 3561 sumit
675 3500 849 3572 honorem,
880 3501 940 3562 sed
961 3501 1021 3578 qni
1043 3504 1184 3562 vocatur

104 3612 162 3679 ¹99⁸
190 3620 213 3663 a
235 3601 318 3682 Deo,
351 3623 434 3685 ymo
461 3603 570 3666 hodie
595 3604 706 3669 debet
733 3624 824 3682 esse,
851 3604 881 3666 si
904 3624 976 3667 non
996 3605 1000 3689 Ι
1021 3623 1182 3667 essemus

190 3706 348 3787 peccatis
381 3707 494 3769 cecati
521 3707 710 3771 occultatis
738 3708 917 3790 periculis,
951 3710 1049 3790 quod
1076 3727 1181 3770 nemo

191 3820 347 3873 sumeret
374 3809 443 3873 sibi
466 3811 675 3894 dignitatem
697 3811 898 3875 huiusmodi
921 3833 988 3896 per
1014 3832 1181 3895 procura·

190 3914 281 3978 toria
298 3914 414 3979 medie
429 3924 648 3999 sumptuosa,
672 3918 826 3981 subdola
842 3926 878 3981 et
893 3918 1080 3991 laboriosa,
1097 3916 1182 4001 quin

189 4017 317 4101 pocius
340 4020 575 4085 necessitatus
599 4023 776 4105 apostolo,
800 4032 951 4105 propter
966 4022 1040 4086 vite
1056 4022 1180 4086 sancti·

247 4306 279 4348 ¹7·
300 4295 340 4338 ΑΒ
358 4296 381 4338 in
402 4307 489 4350 merga
510 4295 616 4339 mentun
632 4308 702 4340 verus
719 4297 757 4348 (3³
778 4299 859 4349 bonus)
878 4310 924 4342 non
944 4304 979 4342 ere
997 4311 1037 4354 qut
1055 4299 1102 4341 vna
1122 4301 1181 4342 bona

191 4373 263 4408 caret.
320 4377 355 4420 ²9-
375 4365 416 4409 AB
436 4367 459 4408 in
479 4377 565 4420 murga
588 4367 723 4421 dignitates
741 4368 910 4411 ecclesiasticas
927 4371 1041 4423 quoanodo
1056 4373 1179 4422 usurpant.
