3008 5026
196 397 265 448 CAP.
281 387 332 476 xi]
494 407 539 457 DE
558 403 770 457 POTESTATE
788 403 885 456 ΡΑΡΕ.

195 563 277 627 bilis
310 563 346 627 in
370 564 553 647 scriptura,
586 572 622 625 et
653 582 719 645 per
742 580 967 645 consequens
991 581 1095 624 nemo
1120 563 1181 624 ob·

196 676 357 733 servaret
379 668 533 751 aliquem
555 669 697 731 modum
720 667 756 730 in
780 666 970 730 serviendo
994 664 1084 745 Deo,
1116 667 1182 730 sed

195 775 304 854 longe
338 772 544 836 evidencius
568 773 753 836 tolleretur
776 773 864 836 ordo
889 769 1099 834 secularium
1122 771 1181 833 do·

195 878 377 960 minorum,
415 876 466 942 sic
490 878 586 960 quod
617 897 688 940 non
720 884 865 960 oportet
896 893 976 937 esse
1015 892 1181 956 cesarem,

170 989 275 1045 tcum
306 982 528 1046 necessarius
560 980 656 1045 foret
696 982 793 1066 quod
825 986 923 1043 esset
959 976 1114 1060 dignitas
1146 985 1183 1040 et

196 1086 382 1150 distinccio
407 1085 586 1149 clericalis.
626 1087 685 1149 Ad
707 1087 773 1149 hec
796 1083 906 1168 igitur
928 1090 1070 1164 oportet
1093 1083 1181 1144 elec·

196 1191 319 1255 ciones
351 1191 560 1273 procedere,
605 1189 696 1253 sicut
730 1190 864 1253 dictant
894 1190 996 1270 leges
1029 1196 1066 1250 et
1097 1205 1181 1249 usus

196 1294 358 1359 ecclesie.
383 1293 463 1357 Non
480 1293 588 1377 igitur
603 1293 776 1377 sequitur:
801 1292 961 1358 Christus
977 1301 1011 1356 et
1027 1292 1180 1375 apostoli

195 1398 247 1462 sic
270 1407 475 1481 sequuntur,
506 1418 592 1483 ergo
621 1418 692 1461 non
714 1397 799 1461 licet
821 1397 926 1461 nobis
948 1397 1181 1481 sequentibus

153 1505 312 1567 nofacere
345 1502 565 1585 contrarium,
598 1522 677 1565 cum
708 1521 774 1585 pro
805 1501 1005 1566 variacione
1042 1500 1113 1563 loci
1144 1509 1180 1564 et

194 1607 367 1690 temporis
391 1607 626 1672 diversimode
651 1614 707 1670 est
728 1611 914 1692 agendum.

239 1711 416 1794 Quantum
448 1714 491 1775 ad
522 1713 607 1776 illud
636 1719 737 1794 patet
769 1712 864 1794 quod
894 1719 950 1774 est
981 1709 1180 1793 expediens
1233 1722 1342 1764 antwer·

196 1817 292 1899 quod
308 1817 355 1880 sit
369 1837 472 1900 papa,
496 1818 562 1881 sed
584 1818 629 1880 ad
651 1817 915 1900 aggravandum
937 1814 1179 1878 difficultatem
1189 1772 1218 1867 tii
1228 1783 1286 1869 liiii
1299 1771 1395 1880 Restitit„

194 1922 380 2002 loquamur
394 1921 540 1985 limitate
552 1923 596 1984 de
606 1942 700 2004 papa
711 1939 864 1985 cesare0.
886 1919 932 1983 Et
942 1930 1028 1984 tunc
1038 1918 1180 1982 videtur
1190 1877 1377 2029 hiienffoiicrii
1379 1893 1390 1925 ⁸

153 2024 299 2090 ismichi
330 2027 427 2107 quod
459 2026 606 2089 multum
629 2024 743 2088 officit
765 2045 846 2089 esse
869 2026 987 2105 talem,
1019 2032 1058 2088 ut
1079 2033 1180 2106 patet
1274 1996 1324 2029 ave.

193 2129 349 2196 inferius.
388 2128 535 2193 Diceret
571 2139 688 2193 autem
725 2129 866 2213 logicus
898 2129 995 2211 quod
1032 2127 1180 2211 quilibet

194 2238 379 2317 apostolus
390 2244 427 2299 et
437 2234 585 2318 quilibet
597 2235 766 2298 sacerdos
776 2235 1019 2317 apostolorum
1029 2231 1180 2297 vicarius

192 2340 301 2403 habet
340 2340 377 2403 in
416 2340 531 2422 gradu
572 2358 637 2402 suo
674 2338 931 2421 plenitudinem
979 2336 1179 2419 potestatis.

193 2441 264 2506 Sed
289 2444 481 2507 decretiste
505 2443 670 2506 videntur
689 2442 890 2525 intelligere
913 2444 1011 2525 quod
1031 2442 1179 2525 quilibet

149 2576 182 2609 πο
192 2567 285 2630 papa
300 2549 409 2611 habet
430 2547 466 2610 in
481 2547 652 2611 infinitum
668 2546 834 2610 maiorem
850 2555 1068 2630 potestatem
1080 2545 1179 2609 iuris·

193 2651 342 2714 dicionis
375 2652 451 2716 sive
483 2652 664 2736 regiminis
696 2672 799 2736 quam
832 2651 956 2735 aliquis
988 2651 1075 2714 alius
1108 2650 1178 2733 epi·

192 2777 325 2841 scopus
348 2778 420 2819 non
442 2758 638 2834 Romanus,
664 2758 745 2840 quia
769 2759 822 2838 (ut
844 2776 932 2839 sepe
955 2755 1086 2819 dictum
1111 2755 1178 2835 est)

192 2882 272 2926 cum
296 2861 341 2925 sit
364 2861 582 2925 infundabile
609 2861 827 2925 mendacium
860 2860 896 2922 in
920 2859 1065 2924 materia
1094 2857 1178 2922 fidei

192 2978 248 3031 est
284 2966 387 3030 nimis
417 2966 620 3032 hereticum.
658 2966 787 3029 Petrus
820 2964 912 3027 enim
948 2984 1019 3027 non
1054 2962 1178 3028 habuit
1200 2991 1266 3037 ΜΓ
1280 2992 1378 3038 ,mm

93 3079 158 3142 234δ
190 3079 324 3135 tantum
341 3079 401 3134 aut
414 3071 520 3134 talem
532 3090 719 3133 excessum
732 3088 843 3152 super
863 3067 868 3154 Ι
889 3068 977 3132 alios
993 3070 1176 3152 apostolos
1195 3048 1384 3160 rutiirii'y‘iver

190 3175 259 3238 sibi
283 3175 484 3258 consocios;
516 3195 582 3238 nec
614 3175 837 3257 imperatoris
868 3183 925 3237 est
951 3175 1052 3237 talem
1074 3182 1176 3255 pote·
1200 3149 1376 3196 ''¹⁸¹⁰¹¹⁰''⁶¹⁸'

191 3287 317 3343 statem
333 3282 542 3345 concedere.
560 3278 749 3362 Quomodo
765 3278 875 3362 igitur
890 3279 983 3342 foret
998 3277 1083 3340 utile
1106 3277 1175 3340 tale

190 3385 342 3447 mendax
377 3394 415 3447 et
445 3392 708 3447 monstruosum
731 3383 877 3466 ydolum
910 3383 1036 3444 ducem
1059 3379 1175 3445 tocius

190 3489 349 3571 corporis
371 3488 500 3554 christi
522 3489 679 3572 fingere?
703 3488 780 3550 Nec
803 3486 938 3570 periret
961 3506 1007 3549 ex
1030 3485 1175 3549 defectu
1199 3511 1246 3557 wh
1278 3515 1373 3569 pretend

146 3604 179 3654 30
189 3593 268 3658 telis
292 3593 439 3658 monstri
462 3593 549 3655 ordo
574 3591 775 3672 confitendi,
800 3592 888 3654 ordo
912 3589 1093 3675 regiminis
1115 3589 1174 3653 vel
1218 3567 1356 3665 m¹„¹,¹},{{¹¹,⁸,

189 3699 333 3763 alterius
369 3698 456 3761 boni
488 3697 650 3776 ecclesie,
689 3696 771 3779 quia
807 3695 899 3760 sicut
933 3696 968 3759 in
1000 3693 1175 3778 primitiva
1197 3671 1381 3782 ἑέἧᾶῗὲοῇξ,

189 3803 340 3866 ecclesia
369 3803 600 3884 regulabatur
635 3801 712 3865 sine
749 3801 809 3865 tali
839 3800 1079 3884 graduacione
1111 3799 1173 3862 do.

187 3906 283 3971 minii
314 3906 350 3969 in
382 3907 478 3969 clero
511 3925 559 3969 ex
591 3905 766 3969 communi
793 3907 1020 3970 sacerdotum
1043 3903 1173 3975 officio,

189 4011 249 4095 qui
272 4030 396 4074 omnes
420 4020 520 4074 erant
539 4009 711 4093 episcopi,
735 4011 829 4092 quod
853 4011 1094 4092 exemplatum
1117 4015 1174 4070 est

242 4284 273 4329 13.
294 4285 322 4328 B:
337 4285 376 4337 stt.
440 4295 477 4338 29.
497 4283 572 4328 Codd.
591 4283 614 4328 in
635 4295 721 4339 marga
745 4282 811 4327 Ordo
831 4282 929 4326 ecclesie
948 4295 994 4326 non
1013 4282 1106 4336 periret
1125 4292 1171 4325 non

186 4355 298 4397 existente
311 4364 406 4398 ceroreo
417 4366 489 4409 papa.
