3008 5026
188 398 258 443 cnr.
274 389 339 468 nn]
490 406 536 455 οε
554 405 767 459 ΡοτΕετΑτΕ
786 409 884 461 ΡΑΡΕ.

188 562 326 624 decime
351 571 387 624 et
410 562 653 644 obligaciones
676 572 759 627 sunt
780 564 912 630 debite.
943 566 1031 628 Ideo
1055 586 1178 631 omnes

188 666 402 730 tradiciones
436 667 588 730 ecclesie
620 668 891 752 malignancium
923 690 994 733 non
1025 682 1179 753 possunt

188 771 336 834 fundare
363 772 461 853 quod
492 780 643 854 propter
665 772 767 836 istam
792 774 993 837 decenciam
1022 778 1178 858 populus

188 896 253 957 per
277 896 445 939 censuras
469 877 729 940 ecclesiasticas
753 881 795 941 ad
813 879 867 942 sui
883 879 1106 961 dispendium
1123 891 1179 944 est

162 993 175 1042 5
189 982 383 1057 terrendus,
407 981 492 1063 quin
514 981 641 1065 pocius
656 989 809 1065 propter
824 983 1052 1047 omissionem
1068 985 1177 1069 negli-

187 1095 332 1167 gentem
356 1085 574 1149 defeusionis
597 1088 717 1168 legum
741 1087 893 1151 ecclesie
913 1096 949 1150 et
965 1108 1178 1152 consensum

187 1191 380 1253 vecordem
412 1190 667 1254 tradicionibus
708 1192 853 1254 sathane
892 1201 948 1255 est
985 1212 1005 1255 a
1037 1193 1177 1257 Christo

187 1295 255 1358 nisi
277 1295 522 1377 resipiscendo
545 1295 705 1378 peniteat
725 1297 1049 1378 condempnandus.
1072 1297 1177 1361 Unde

185 1399 265 1482 regi
297 1409 334 1462 et
367 1418 481 1481 regno
506 1401 616 1462 debet
639 1420 720 1462 esse
743 1400 954 1482 principium
982 1401 1080 1483 quod
1104 1402 1177 1485 qui·

146 1531 176 1562 ιο
188 1524 338 1585 cumque
350 1503 501 1566 clericus
511 1505 569 1565 vel
584 1505 708 1586 laycus
720 1504 901 1567 intraneus
910 1505 970 1567 vel
986 1514 1178 1568 extraneus

186 1609 290 1671 istam
313 1607 499 1670 veritatem
533 1609 682 1670 edoctus
715 1618 752 1672 et
781 1629 971 1672 remanens
1005 1610 1178 1673 mediator

187 1715 245 1775 vel
270 1721 480 1794 procurator
504 1712 788 1776 subtraccionem
808 1714 910 1776 istam
926 1713 1177 1796 precipuorum

186 1821 360 1881 bonorum
383 1816 485 1899 regni
507 1836 702 1899 procurans
725 1826 810 1899 post
834 1817 1068 1881 monicionem
1092 1817 1177 1901 legi-

187 1922 305 1985 timam
337 1930 513 2003 tamquam
546 1920 709 2002 proditor
732 1923 791 1984 vel
823 1922 935 1985 hostis
967 1922 1069 2007 regni
1097 1924 1176 1985 sub·

146 2027 291 2093 15dolus
316 2034 372 2089 est
395 2026 607 2089 censendus.

232 2133 290 2195 Ad
324 2130 577 2193 destruendum
609 2128 729 2211 itaque
761 2131 851 2192 banc
880 2129 1388 2241 antichristianamappropriatos·

187 2236 339 2299 heresim
373 2236 481 2297 debet
514 2243 592 2297 tota
621 2233 772 2296 ecclesia
805 2235 973 2298 laborare.
1013 2234 1059 2297 Et
1081 2234 1174 2297 idem
1207 2197 1375 2307 illidii&

188 2341 330 2403 videtur
346 2338 448 2402 michi
471 2338 636 2401 iudicium
655 2339 699 2400 de
716 2338 955 2420 appropriatis
973 2338 1176 2402 elemosinis
1209 2313 1229 2345 ¹⁸
1244 2310 1284 2346 ¹¹⁰¹
1300 2304 1369 2346 Μ’

189 2446 247 2507 vel
264 2443 469 2526 prebendis,
492 2443 775 2526 quibuscumque
793 2442 1102 2506 communitatibus
1119 2444 1177 2506 vel

144 2580 177 2612 20
188 2548 352 2634 personis
377 2547 559 2611 extraneis
583 2548 641 2609 vel
664 2546 832 2610 intraneis
850 2547 1007 2611 debitum
1024 2548 1176 2611 ecclesie

189 2655 342 2717 officium
366 2651 571 2716 notabiliter
594 2650 897 2728 subtrahentibus
922 2671 1004 2734 ymo
1030 2654 1073 2715 de
1097 2672 1176 2735 per·

187 2760 306 2843 petuis
335 2758 534 2821 redditibus
552 2756 688 2819 collatis
713 2754 858 2834 clericiS,
883 2764 920 2818 ut
946 2776 1036 2838 sepe
1061 2756 1173 2838 tetigi.

231 2864 277 2927 Et
292 2871 460 2946 quantum
477 2862 522 2925 ad
543 2861 701 2925 ultimum
717 2861 922 2936 membrum,
946 2860 981 2923 in
997 2881 1068 2943 quo
1084 2860 1176 2924 iacet

189 2969 389 3046 difficultas,
424 2966 632 3030 conceditur
665 2965 762 3047 quod
794 2963 983 3027 occasione
1008 2966 1097 3028 male
1120 2985 1176 3027 ac·

95 3085 160 3136 250⁶
189 3083 296 3156 cepta
320 3071 324 3158 l
351 3073 566 3136 decimantes
591 3080 751 3132 erranter
774 3070 998 3134 excederent.
1044 3068 1117 3132 Sed
1141 3069 1175 3131 in
1211 3080 1368 3138 Tiruepnyen

1153 3173 1160 3187 ,
1193 3135 1268 3190 might
1281 3148 1327 3189 err,
1343 3136 1381 3180 but

187 3187 289 3263 parte
321 3180 430 3241 altera
462 3176 553 3239 iacet
584 3173 907 3256 incomparabiliter
939 3173 1049 3236 maius
1083 3193 1174 3256 peri·
1198 3186 1384 3336 ιάὴῶιὲοξεοιῆιοᾶξο

188 3286 303 3346 culum
328 3291 376 3359 ut,
400 3281 521 3364 posito
541 3280 639 3361 quod
663 3280 806 3341 tollatur
822 3298 841 3340 a
858 3279 953 3340 clero
971 3277 1175 3355 decimacro,
1207 3298 1286 3387 131th
1299 3292 1372 3389 333!

187 3389 280 3452 sicut
303 3388 495 3450 tollebatur
518 3405 537 3446 a
562 3382 701 3446 Christo
726 3392 762 3445 et
785 3382 858 3444 suis
883 3382 1068 3464 apostolis,
1097 3396 1383 3543 ⁰⁰m⁶⁰⁸m¹l÷ffi⁰l⁶g⁸l

187 3493 253 3556 fuit
284 3493 400 3574 legale
432 3489 524 3571 legis
548 3487 690 3568 veteris,
724 3507 803 3548 cum
835 3506 906 3549 non
940 3486 1064 3550 debuit
1090 3495 1175 3549 tunc
1186 3500 1273 3596 [ἓὶιὲιᾶ
1283 3499 1332 3596 m
1342 3500 1387 3596 1¹13

144 3608 177 3657 30
187 3617 370 3661 remanere
402 3594 469 3657 nisi
502 3593 698 3656 secundum
730 3591 962 3654 moralitatem
994 3591 1175 3668 inclusam,
1231 3604 1340 3660 rpentes.

187 3705 300 3767 adhuc
325 3701 465 3764 viveret
496 3701 611 3761 clerus
644 3696 838 3760 secundum
867 3696 1023 3778 privatas
1047 3697 1175 3758 elemo-

187 3809 281 3872 sinas
312 3815 351 3869 ut
380 3815 544 3887 tempore
569 3801 708 3881 Christi,
742 3810 779 3865 et
811 3801 1039 3885 postmodum
1063 3799 1175 3883 magis

187 3912 404 3976 fructificans
435 3917 581 3972 nectet
605 3907 786 3991 episcopis
810 3913 971 3989 egerent,
1004 3912 1043 3967 ut
1066 3906 1173 3967 modo

186 4026 338 4102 propter
368 4014 568 4097 penuriam
604 4021 641 4075 et
673 4011 724 4075 sic
753 4029 927 4074 concesso
951 4009 1103 4072 maximo
1126 4008 1173 4071 in-

143 4120 416 4186 35convenienti
438 4118 542 4181 huius
565 4117 678 4201 partis
705 4117 798 4179 foret
821 4114 996 4178 modicum
1025 4112 1061 4175 in
1083 4132 1173 4176 com·

239 4291 276 4336 25.
292 4291 381 4344 Codd.;
398 4290 518 4334 excedere.
610 4299 645 4344 29.
662 4287 737 4332 Codd.
758 4289 781 4331 ln
797 4296 883 4340 marga
904 4284 997 4328 Decime
1014 4286 1066 4326 runt
1083 4282 1175 4338 legales

185 4364 248 4418 legia
262 4361 352 4406 veteris.
