3008 5026
178 367 246 414 cn.
261 358 335 438 vin]
476 374 522 424 oc
540 370 751 424 POTESTATE
770 372 869 424 ΡΑΡΕ.

220 529 371 613 Septimo
403 531 541 611 contigit
563 529 739 594 Romanos
769 542 888 593 contra
920 532 1165 608 iuramentum,

174 638 264 716 quod
294 637 500 717 imperatori
522 635 691 716 fecerant,
723 637 848 698 scilicet
869 637 958 715 qecod
989 655 1163 716 nunquam

174 742 334 820 eligerent
353 759 485 821 papam
508 741 583 802 siue
605 741 677 802 eius
700 745 729 802 et
750 740 824 802 siue
836 740 912 818 filii
934 738 1008 802 eius
1027 738 1166 803 Otltonis

174 862 347 918 consensu,
369 843 589 906 Benedictum
610 861 745 926 papam
770 844 984 924 constituunt,
1011 843 1072 907 sed
1094 845 1164 907 im·

151 958 164 1006 5
171 954 315 1028 perator
336 947 449 1011 Roma
476 950 612 1011 obsessa
638 950 723 1011 adeo
747 947 923 1011 Romanos
949 949 1097 1031 afffliutt,
1129 954 1166 1010 ut

174 1053 319 1116 Leonem
347 1071 481 1134 popam
513 1071 549 1115 se
579 1057 775 1133 recepturos
797 1053 1035 1133 promitterent
1062 1053 1166 1115 etsie

173 1157 374 1222 Benedictus
395 1157 563 1219 renuitur.

222 1260 356 1337 Octavo,
395 1279 486 1323 anuo
524 1261 659 1323 domini
691 1258 831 1323 MXLV
857 1259 1068 1341 Benedictus,
1106 1263 1165 1342 qui

173 1366 367 1445 symoniace
384 1369 558 1446 papatum
581 1365 767 1439 invaserat,
790 1381 869 1426 cum
890 1369 974 1428 esset
996 1365 1096 1427 rudis
1118 1366 1162 1426 ti-

134 1474 340 1540 noterarnm,
372 1471 521 1531 alterum
553 1469 601 1529 ad
631 1468 719 1531 vices
741 1467 956 1530 ecclesiastici
978 1466 1085 1547 officii
1107 1487 1162 1530 ex-

174 1574 466 1653 equendassecum
481 1589 616 1653 papam
628 1568 831 1634 Silvestrum
850 1573 1048 1634 consecrari
1062 1570 1165 1651 secit;

173 1677 262 1758 quod
276 1695 355 1740 cum
371 1676 491 1739 mullis
505 1694 572 1738 nou
591 1677 753 1757 placeret,
776 1675 902 1738 tercius
919 1677 1162 1757 superinduct-

173 1787 232 1843 tur
257 1777 460 1861 Gregorius,
490 1781 550 1860 qui
576 1781 669 1841 solus
699 1781 788 1841 vices
815 1780 965 1842 duorum
999 1781 1162 1861 impleret.

216 1883 324 1962 Nouo,
356 1902 447 1946 anuo
479 1885 613 1946 domiui
636 1882 793 1946 MXLVI
814 1882 921 1946 Rome
948 1903 1015 1945 reno
1043 1889 1163 1948 contra

134 1990 259 2051 aduos
281 1993 312 2051 et
333 1989 465 2050 duobus
487 1992 607 2050 contro
630 2005 737 2049 rineem
763 1987 805 2049 de
823 1992 958 2068 papatu
989 1989 1162 2051 altercan-

172 2092 261 2154 tibus
282 2111 342 2155 reu
356 2090 531 2154 Heuricus
552 2095 671 2153 contra
693 2109 750 2153 eos
771 2089 922 2153 Romam
945 2092 1039 2154 vadit
1062 2097 1092 2155 et
1115 2093 1164 2156 eis

172 2194 338 2259 canonica
366 2201 395 2258 et
422 2195 601 2277 imperiali
631 2213 777 2258 censura
809 2195 979 2276 depositis,
1009 2192 1164 2259 Clemens

167 2302 329 2382 presidet,
362 2306 392 2363 et
422 2302 465 2362 ab
497 2319 534 2363 eo
564 2317 625 2362 rex
647 2299 822 2362 Henricus
852 2301 888 2361 in
916 2301 1161 2381 imperatorem

172 2406 389 2476 benedicitur,
417 2405 614 2466 iurantibus
635 2403 804 2467 Romanis
830 2422 866 2466 se
887 2404 961 2466 siue
985 2404 1058 2467 eins
1080 2423 1160 2485 con-

129 2529 270 2572 20sensu
292 2527 470 2589 nunquam
488 2527 623 2590 papam
640 2510 811 2571 electuros.
834 2506 934 2569 Tunc
951 2507 1042 2569 enim
1061 2528 1160 2589 prac·
1188 2536 1239 2579 Tne
1253 2550 1361 2592 emmo,

170 2614 278 2676 tizata
299 2613 366 2677 fuit
389 2615 450 2675 lex
473 2631 562 2695 sepe
585 2620 691 2690 tacta,
716 2633 786 2694 que
810 2611 956 2694 ponitur
978 2611 1040 2675 III.
1064 2611 1157 2698 Reg.
1177 2589 1370 2696 (ῃιὲῗὲἶοέζῃ)

170 2717 214 2800 11,
237 2740 277 2799 35
302 2719 400 2801 quod
421 2717 532 2781 instar
555 2714 756 2780 Salomonis
779 2737 846 2779 rex
869 2718 978 2778 debet
1011 2716 1046 2778 in
1075 2737 1159 2780 casu
1191 2696 1356 2803 ἒιῆἓῗῖξέῃξῗὲ,

170 2824 354 2906 deponere
388 2842 559 2884 summum
589 2820 807 2903 pontificem.
840 2821 940 2883 Tunc
969 2820 1078 2884 eciam
1105 2842 1158 2884 ac-

170 2927 267 3010 cepit
297 2947 365 2990 rex
392 2927 436 2988 ab
460 2945 504 2989 eo
528 2924 705 2988 humiliter
728 2924 1030 3004 benediccionem,
1062 2927 1160 3007 quod

127 3039 255 3113 ospost
277 3029 519 3093 infidelitatem
535 3037 701 3092 vocatum
718 3037 774 3091 est
788 3029 1027 3092 necessarium
1045 3049 1159 3092 sacra·

169 3145 325 3198 mentum
353 3144 389 3197 et
417 3132 641 3197 confirmacio
669 3133 840 3215 sineque
867 3152 939 3195 non
961 3133 1003 3196 fit
1035 3133 1160 3216 aliquis

168 3239 372 3322 imperator.
410 3236 484 3302 Sed
516 3236 584 3299 ista
609 3237 693 3300 ficta
719 3236 901 3300 mendacia
929 3247 1032 3302 extra
1054 3239 1160 3303 fidem

78 3351 140 3403 206⁴
168 3344 344 3426 scripture
373 3362 420 3404 ex
447 3341 560 3425 gestis
581 3338 585 3426 Ι
607 3349 643 3403 et
670 3340 772 3404 factis
801 3342 982 3424 preteritis
1006 3363 1085 3406 cum
1109 3364 1159 3406 ra·

169 3447 331 3511 cionibus
368 3445 613 3529 professorum
652 3445 830 3528 scripture
868 3447 993 3509 relicta
1026 3457 1109 3510 sunt
1141 3469 1160 3509 a

127 3566 158 3613 30
169 3551 309 3615 domino
342 3549 597 3613 convincenda.
639 3549 767 3612 Tercio
800 3557 903 3632 patet
939 3552 1035 3632 quod
1063 3560 1159 3614 ante-

169 3677 271 3738 quam
295 3655 499 3718 introducta
522 3662 579 3718 est
600 3655 742 3717 novella
759 3663 795 3716 et
816 3654 1043 3718 infundabilis
1060 3664 1161 3718 secta

168 3758 403 3840 cardinalium,
435 3777 530 3841 papa
560 3757 628 3820 fuit
660 3758 795 3820 electus
827 3779 848 3820 a
870 3759 1006 3841 populo
1029 3758 1159 3823 Roma·

167 3883 303 3928 norum.

222 4046 254 4089 ¹4·
270 4034 310 4078 ΑΒ
325 4034 349 4077 in
364 4045 450 4088 marg-z
469 4033 630 4077 iuramentum
645 4033 792 4089 imperatoris
806 4034 894 4077 dicitur
912 4033 1068 4077 necessarium
1081 4046 1159 4078 sacra·

167 4109 272 4148 mentum.

224 4227 245 4263 ι.
265 4212 328 4261 ibid.
348 4227 373 4276 p.
397 4228 434 4264 11.
492 4211 516 4263 8.
540 4210 645 4262 Redulti
670 4218 702 4262 de
721 4213 813 4262 Diceto
836 4227 895 4276 pag.
920 4213 974 4275 187.
998 4213 1069 4269 Huss
1089 4217 1159 4274 230⁸.

173 4311 211 4359 14.
230 4299 294 4351 ibid.
