3008 5026
670 392 839 443 Journnls
857 389 997 442 wicus
1207 369 1289 460 [cin.
1303 386 1332 431 11.

387 547 461 614 Sed
494 549 637 613 dimissa
668 549 737 613 ista
773 546 996 610 dissensione
1028 547 1157 630 logica,
1190 547 1334 611 videtur

344 654 442 738 quod
464 653 577 719 omnis
600 662 764 737 potestas
788 651 956 715 secularis
983 651 1196 716 diminuetur
1218 672 1333 734 usque

344 759 390 822 ad
412 779 484 822 non
508 759 668 842 gradum,
701 757 783 840 quia
815 758 929 820 solum
953 757 1057 820 durat
1078 777 1146 840 pro
1170 765 1334 840 tempore

343 863 412 944 vie,
437 871 476 926 ut
500 864 609 926 docet
630 862 831 945 Apostolus
854 861 969 945 prima
991 860 1149 925 Corinth.
1167 859 1253 942 XV,
1278 881 1333 940 24:

344 969 485 1046 Deinde,
509 967 634 1050 inquit,
656 968 757 1047 finis,
781 986 859 1030 cum
881 967 1069 1030 tradiderit
1091 980 1239 1049 regnum
1264 965 1360 1030 Deos

344 1079 375 1137 ct
397 1074 509 1156 Patri,
542 1091 620 1136 cum
644 1073 860 1136 evacuaverit
882 1089 1018 1134 omnem
1039 1072 1281 1152 principatum
1304 1075 1335 1134 et

342 1183 541 1260 potestatem
560 1182 590 1240 et
605 1178 774 1240 virtutem.
800 1174 892 1238 Ymo
908 1173 1060 1257 videtur,
1077 1196 1156 1238 cum
1173 1173 1334 1239 Christus

146 1290 245 1333 Pre¹⁸¹es
259 1288 317 1332 nave
344 1282 469 1345 limitat
492 1280 588 1344 omni
620 1279 800 1343 sacerdoti
822 1298 886 1342 suo
919 1277 1067 1342 formam
1091 1288 1129 1342 et
1150 1297 1334 1343 numerum

127 1344 311 1455 '‘iiiiiiti'?
313 1354 334 1383 w
345 1386 578 1468 obiectorum,
603 1385 701 1467 quod
722 1382 829 1448 hodie
853 1394 936 1448 sunt
951 1383 1128 1468 prepositi
1143 1387 1335 1468 potestatis

172 1453 290 1543 {iiiiii
346 1489 490 1554 minoris
522 1509 627 1572 quam
651 1497 751 1553 erant
772 1488 808 1551 in
831 1488 1010 1572 primitiva
1033 1486 1197 1571 ecclesia,
1221 1500 1259 1555 et
1283 1491 1335 1555 sic
1351 1514 1379 1547 ιο

347 1614 461 1678 usque
485 1595 528 1657 ad
551 1613 623 1656 non
646 1594 803 1677 gradum.
840 1593 887 1656 Et
917 1593 955 1656 id
983 1592 1252 1658 considerarent
1274 1595 1336 1679 qui

346 1701 455 1764 stulte
488 1711 524 1762 et
555 1697 677 1761 nescie
710 1717 808 1761 suam
845 1695 1071 1780 magnificant
1107 1706 1335 1781 potestatem.

346 1803 499 1866 Videtur
532 1803 621 1865 enim
656 1803 756 1885 quod
791 1800 1152 1886 proporcionabiliter
1183 1813 1224 1867 ut
1253 1807 1336 1888 plus

346 1906 526 1971 meritorie
548 1906 707 1970 nituntur
731 1907 777 1969 ad
800 1906 1035 1969 edificandum
1059 1907 1256 1991 ecclesiam,
1284 1910 1336 1974 sic

345 2014 480 2076 habent
510 2011 660 2094 amplius
683 2011 883 2094 potestatis,
915 2030 993 2073 cum
1021 2014 1220 2076 secundum
1242 2013 1379 2078 illam15

346 2136 546 2180 mensuram
570 2115 671 2180 Deus
695 2115 756 2179 dat
777 2123 995 2199 potestatem
1017 2115 1233 2190 hominibus3
1263 2118 1336 2201 qui·

345 2221 436 2284 libet
458 2230 575 2284 autem
599 2220 750 2283 clericus
773 2221 832 2283 vel
854 2218 965 2283 laicus
988 2221 1097 2284 habet
1118 2231 1337 2304 potestatem

346 2325 581 2390 sufficientem
605 2323 792 2388 edificandi
815 2324 1012 2398 ecclesiam,
1036 2324 1066 2388 si
1082 2326 1236 2390 voluerit
1255 2347 1337 2392 esse

345 2430 416 2493 Dei
449 2429 599 2510 adiutor,
631 2429 767 2493 faciens
791 2430 888 2512 quod
911 2428 1012 2493 Deus
1041 2429 1234 2494 destinavit
1256 2452 1337 2495 eum

346 2536 391 2597 ad
418 2534 535 2597 taliter
566 2533 776 2600 laciendum.
814 2533 1012 2616 Noverunt,
1043 2534 1196 2617 inquam,
1228 2536 1338 2618 logici
1348 2564 1381 2599 20

347 2639 445 2721 quod
461 2648 518 2702 est
539 2639 576 2701 in
591 2638 702 2701 libera
717 2647 902 2721 potestate
917 2638 1069 2703 hominis
1096 2639 1214 2703 facere
1239 2642 1338 2721 quod

346 2744 447 2807 Deus
470 2743 663 2807 destinavit
687 2763 766 2806 eum
799 2745 857 2806 vel
881 2743 1057 2808 ordinavit
1080 2763 1160 2807 eum
1183 2744 1337 2809 adfines

345 2847 558 2912 huiusmodi.
614 2845 689 2911 Sed
726 2848 827 2911 aliter
864 2850 1056 2931 loquuntur
1099 2849 1160 2931 qul
1196 2859 1338 2932 ponunt

345 2954 492 3035 globum
525 2951 716 3037 potestatis
750 2973 854 3035 quarn
886 2952 989 3016 Deus
1027 2952 1179 3017 ubilibet
1212 2962 1338 3037 potest

344 3078 411 3140 per
435 3078 475 3122 se
498 3077 644 3141 ponere.
1348 3072 1379 3121 25

152 3167 260 3212 miracles
274 3181 313 3213 are
389 3162 556 3226 Secundo
589 3161 835 3245 principaliter
867 3161 1025 3244 arguitur
1049 3158 1055 3246 Ι
1075 3164 1120 3224 de
1153 3171 1336 3246 potestate
1369 3174 1418 3241 167¹

130 3221 329 3318 ”gssfdksslggffl
344 3267 499 3330 faciendi
529 3266 705 3346 miracula,
738 3266 783 3328 de
815 3274 998 3348 potestate
1031 3266 1136 3330 dandi
1164 3266 1336 3350 Spiritum

143 3329 317 3428 :ieiiiriciiii
345 3369 514 3436 Sanctum
539 3372 597 3433 vel
620 3370 784 3453 graciam,
813 3371 857 3433 de
880 3379 1066 3453 potestate
1090 3373 1204 3455 ampla
1223 3372 1335 3435 absol·

344 3476 453 3539 vendi
476 3476 535 3539 vel
560 3474 790 3558 dispensandi
813 3474 879 3537 alia
902 3483 1130 3540 sacramenta.

389 3578 566 3661 Quantum
591 3581 635 3642 ad
656 3579 808 3663 primum
830 3578 973 3643 videtur
997 3580 1080 3643 mihi
1108 3582 1207 3663 quod
1238 3580 1381 3646 mira-30

343 3685 461 3745 culum
484 3692 607 3765 potest
641 3683 711 3746 dici
732 3682 865 3746 factum
888 3686 947 3746 vel
968 3684 1083 3747 saccio
1114 3704 1219 3767 quam
1233 3685 1336 3748 Deus

343 3787 576 3871 appropriate
600 3787 694 3865 facit
719 3797 756 3850 et
779 3786 830 3851 sic
851 3790 947 3851 solus
964 3789 1065 3852 Deus
1082 3788 1157 3872 agit
1171 3789 1337 3852 miracula

344 3903 380 3955 et
403 3893 510 3976 longe
536 3892 696 3955 crebrius
714 3912 818 3975 quam
833 3906 1008 3976 putamus
1032 3893 1115 3976 quia
1132 3893 1336 3976 quicunque

344 4004 441 4060 creat
471 3995 557 4060 licet
591 3996 705 4077 solita,
745 3996 829 4080 quia
867 4017 933 4062 non
967 4000 1147 4062 miramur
1178 4018 1229 4080 ea,
1267 4017 1335 4062 nou

392 4284 412 4316 2.
434 4271 529 4316 Cora:
554 4273 695 4317 re'mi'nueiur
714 4258 775 4317 άῆἒῑ.
840 4284 874 4317 21.
894 4271 983 4316 Codd.:
1006 4274 1122 4317 libertate.
1188 4271 1226 4317 30.
1247 4272 1288 4317 AB
1309 4272 1333 4316 in

338 4354 424 4400 marga
438 4342 587 4388 Miracuium.
