3008 5026
705 394 875 448 Jounums
894 395 1034 448 wicus
1208 372 1291 465 [cnr.
1310 391 1361 438 vn.

372 550 479 614 finem
507 571 596 615 oves
624 551 777 635 diligens
805 555 1014 617 corroborat
1040 554 1154 616 verbo
1183 561 1221 617 et
1251 572 1363 638 opere

372 655 513 719 finalem
544 656 679 720 docens
711 656 1021 742 perseveranciam
1051 656 1086 721 in
1115 657 1256 724 virtute.
1294 656 1365 740 Qui

175 789 227 834 me
241 790 304 834 vicar
318 791 345 834 or
372 758 484 843 igitur
514 761 668 825 voluerit
700 781 781 826 esse
814 761 945 827 Christi
976 763 1035 825 vel
1066 761 1167 826 Petri
1201 760 1364 846 vicarius,

159 842 365 950 ξῖξῖἔξῖξῗῗῗὲὲ
375 873 522 948 oportet
553 874 592 928 ut
623 866 667 929 ad
693 866 804 930 instar
832 886 954 930 eorum
983 886 1030 928 ex
1051 865 1168 930 animo
1193 864 1300 930 faciat
1323 867 1366 930 si·

163 945 358 1054 mffioiidcffiiff’
375 969 504 1033 militer
527 989 607 1033 cum
623 970 696 1035 vita
717 970 905 1035 imitatoria
929 979 965 1035 et
987 991 1059 1034 non
1082 973 1214 1034 nudum
1236 975 1389 1034 nomen5

171 1051 352 1164 ‘ign‘fiffl'tissd
375 1074 434 1137 vel
463 1074 597 1138 eleccio
624 1075 660 1137 in
687 1075 778 1139 facie
807 1074 959 1139 ecclesie
987 1075 1072 1139 facit
1099 1096 1238 1160 papam.
1282 1075 1366 1139 Pre-

220 1156 300 1212 ’Μ’
375 1178 471 1242 dicet
506 1178 615 1262 igitur
647 1199 727 1243 cum
762 1181 939 1264 apostolo,
978 1180 1040 1244 ubi
1073 1180 1272 1244 nominatus
1311 1189 1368 1243 est

376 1281 547 1364 Christus,
594 1284 710 1348 donec
752 1284 788 1348 in
825 1285 921 1349 vasis
966 1285 1157 1368 capacibus
1195 1284 1368 1349 formetur

376 1385 536 1452 Christus
576 1398 612 1452 et
644 1399 728 1453 tunc
761 1410 808 1452 ex
840 1390 1062 1472 quaternario
1101 1391 1368 1474 evangeliorum

375 1491 504 1556 format
526 1493 724 1556 ecclesiam.
758 1493 926 1559 Secundo
949 1493 1059 1577 lapsis
1083 1494 1269 1558 conversis
1293 1494 1368 1558 suis
1382 1512 1410 1547 ¹0

376 1595 439 1659 det
462 1596 609 1660 animam
633 1600 818 1682 complens
835 1597 1142 1681 quadragesimam
1164 1598 1368 1682 penitencie

376 1720 443 1784 pro
476 1702 606 1764 ovibus
638 1702 882 1775 reformandis,
918 1703 1029 1767 tercio
1061 1703 1284 1786 implorando
1317 1702 1368 1766 eis

378 1803 548 1888 Spiritum
564 1804 732 1870 Sanctum
748 1807 909 1892 imponat
927 1807 979 1870 eis
1000 1823 1122 1870 manus
1139 1807 1368 1891 operatrices,

378 1929 467 1973 oves
490 1910 670 1975 morbidas
694 1913 945 1992 conlimando,
975 1912 1141 1974 recolens
1162 1912 1250 1975 illud
1272 1912 1369 1976 Luce

378 2013 493 2077 XXII
510 2034 587 2098 cap.
605 2036 644 2096 3²
663 2016 796 2080 dIctum
811 2016 938 2081 Petro:
963 2015 1004 2080 Et
1019 2022 1056 2079 tu
1077 2017 1264 2097 aliquando
1288 2017 1411 2080 con-15

378 2137 497 2182 versus
518 2121 691 2200 confirma
709 2121 848 2202 fratres
870 2127 955 2185 tuos.
979 2120 1084 2185 Unde
1107 2121 1188 2184 Act.
1203 2117 1307 2204 VIII,
1332 2140 1368 2202 17

378 2223 509 2307 legitur
549 2227 646 2308 quod
677 2225 807 2290 Petrus
843 2226 1083 2289 confirmando
1121 2226 1286 2306 imposuit
1322 2226 1371 2290 eis

379 2347 514 2392 manus.
537 2328 585 2393 Et
607 2340 734 2412 quarto
758 2332 908 2395 reducat
930 2350 1019 2394 oves
1035 2330 1080 2393 ad
1096 2328 1369 2393 stabilimentum

380 2433 462 2496 cubi
485 2452 592 2516 supra
615 2443 752 2517 petram
767 2436 900 2498 firmam
917 2434 1187 2518 quomodolibet
1206 2432 1370 2518 proiecti,

380 2537 506 2602 stantis
538 2538 616 2602 sine
647 2540 827 2623 vituperio
860 2540 989 2622 anguli.
1022 2539 1129 2622 Quod
1160 2538 1192 2604 si
1219 2547 1371 2622 quatuor
1381 2553 1412 2588 2⁰

380 2641 571 2706 virtutibus
604 2644 839 2708 cardinalibus
875 2652 1052 2727 tamquam
1084 2651 1236 2727 quatuor
1269 2642 1370 2726 equis

380 2745 662 2828 superficialibus
685 2747 890 2812 lateralibus
912 2750 1092 2813 substrata
1112 2746 1159 2810 sit
1179 2767 1271 2830 equa
1287 2766 1370 2831 ope·

380 2850 474 2912 racio
492 2858 529 2913 et
545 2852 734 2934 supposita
749 2853 918 2917 virtutum
934 2851 1157 2916 continuacio
1174 2851 1370 2916 secundum

381 2954 642 3019 similitudinem
680 2966 819 3040 captam
857 2977 904 3021 ex
936 2956 1107 3040 operibus
1144 2955 1370 3038 presidentis,

381 3067 466 3122 ωηο
483 3059 575 3122 enim
583 3060 773 3124 vendicare
790 3070 914 3145 potest
930 3082 978 3124 ex
989 3061 1111 3125 debito
1128 3063 1245 3124 locum
1260 3060 1370 3125 Petri.
1382 3061 1413 3112 ²5

188 3159 315 3255 &12²3ng
328 3218 351 3254 at
424 3162 496 3226 Per
517 3165 583 3226 hec
606 3174 707 3246 patet
728 3166 918 3249 responsio
942 3166 990 3229 ad
1012 3165 1212 3249 septimum,
1238 3164 1371 3246 inquo

178 3264 360 3360 ‘'geeffi‘gf‘
381 3269 555 3350 probatur
581 3269 842 3351 preeminencia
864 3269 965 3334 Petri
991 3290 1058 3353 per
1078 3270 1165 3333 illud
1188 3273 1266 3335 Act.
1288 3266 1376 3347 XV,-

382 3374 480 3454 quod
507 3372 637 3436 Petrus
667 3373 843 3436 humiliter
875 3393 914 3436 se
946 3373 1095 3457 pretulit
1128 3374 1171 3435 ad
1203 3374 1372 3435 laborem.

382 3475 464 3539 Non
487 3476 553 3540 fuit
575 3485 659 3539 tunc
675 3477 767 3539 inter
782 3478 969 3560 apostolos
986 3476 1031 3540 de
1048 3476 1275 3560 prepositura
1291 3495 1371 3539 con·

382 3580 512 3664 tencio,
540 3582 605 3645 sed
634 3584 807 3664 octuplex
829 3601 915 3644 vera
940 3581 1115 3645 humilitas
1143 3578 1416 3645 necessitavitlo

381 3684 528 3748 Petrum
560 3687 783 3768 respondere
816 3705 883 3768 pre
916 3685 1002 3749 aliis.
1040 3686 1088 3749 Et
1115 3685 1246 3749 utinam
1278 3701 1374 3767 papa

382 3791 575 3853 modernus
594 3791 705 3853 vellet
727 3809 900 3854 exercere
923 3789 1015 3853 illam
1040 3791 1175 3853 clavem
1194 3786 1199 3872 Ι
1220 3785 1375 3852 sciencie
1404 3796 1462 3844 roo·

382 3893 465 3957 fidei
486 3893 598 3959 instar
619 3894 726 3976 Petri,
761 3904 846 3959 tunc
880 3895 972 3958 enim
995 3914 1068 3958 ηοη
1095 3900 1285 3979 temptaret
1315 3891 1374 3955 Im·

436 4164 457 4197 a.
472 4151 513 4196 AB
527 4151 551 4195 ln
566 4162 654 4206 marp:
669 4150 774 4196 vicarias
788 4150 878 4196 Christi
889 4163 957 4196 rma
970 4152 1048 4207 qualis
1061 4157 1101 4196 eat.
1158 4150 1194 4196 26.
1210 4154 1232 4194 Α
1246 4150 1270 4194 in
1287 4160 1374 4205 marga

383 4223 419 4267 Ad
435 4236 455 4278 7.

435 4331 519 4397 6.-7.
540 4331 581 4384 Cl.
600 4332 677 4383 Rom.
698 4332 753 4392 xv,
775 4348 814 4382 20.
