3008 5026
195 396 265 441 cip.
285 382 348 472 m]
494 406 539 456 oe
559 405 770 458 coresium
790 405 887 457 rnre.

194 561 276 645 lege
299 559 444 624 Domini
467 582 571 644 quam
594 582 659 646 per
687 582 728 625 se
750 564 810 625 vel
838 582 917 625 cum
941 561 1089 626 adiectis
1111 562 1184 646 legi

195 665 326 728 domini
367 666 509 750 legibus
540 666 721 729 hominum
752 665 962 730 adinventis.
1000 666 1108 730 Patet
1137 686 1184 729 ex

193 770 262 832 hoc
286 770 382 852 quod
405 770 520 853 primo
562 773 669 834 modo
701 770 830 833 honori
851 770 923 834 Dei
956 769 1183 848 conformius,

194 874 238 936 ad
275 874 502 938 serviendum
541 874 609 938 sibi
647 873 822 938 direccius
862 883 899 938 et
940 874 1181 939 inducendum

169 984 319 1059 5pacem
351 978 504 1042 ecclesie
538 978 732 1061 copiosius,
764 979 989 1062 regularetur
1022 978 1183 1043 ecclesia.

193 1081 298 1145 Unde
336 1081 599 1147 antichristiana
636 1083 772 1146 heresis
806 1083 948 1146 videtur
992 1084 1090 1165 quod
1121 1084 1182 1144 lex

193 1186 263 1250 Dei
286 1206 353 1250 non
379 1195 435 1250 est
456 1207 523 1268 per
545 1207 585 1250 se
609 1186 791 1250 sufficiens
806 1206 873 1250 nec
891 1205 983 1268 eque
1000 1185 1181 1249 sufficiens

192 1301 230 1355 ut
253 1293 356 1373 leges
379 1291 559 1355 hominum
583 1292 795 1374 extinguere
818 1290 962 1354 iniurias
977 1289 1013 1352 in
1031 1290 1182 1354 ecclesia

88 1403 157 1466 245·
191 1394 442 1477 germinantes,
463 1401 468 1473 Ι
488 1417 565 1459 nam
596 1398 638 1458 ad
668 1395 958 1459 confundendum
989 1397 1080 1458 tales
1107 1394 1181 1457 infi-

149 1500 357 1565 rodelitates
396 1501 440 1564 de
469 1500 690 1564 Antichristo
718 1500 847 1563 dicitur
869 1500 1012 1563 Psalmo
1036 1498 1101 1577 IX,
1125 1518 1180 1561 21:

193 1603 362 1671 Constitue
377 1605 525 1670 Domine
542 1608 772 1688 legislatorem
795 1623 900 1686 snper
921 1623 986 1682 eos,
1014 1609 1051 1666 nt
1072 1603 1181 1667 sciant

185 1715 311 1791 gentes,
343 1712 506 1792 qnoniam
528 1711 682 1774 homines
712 1715 792 1774 sunt
820 1710 863 1772 ad
890 1708 1076 1792 imaginem
1100 1707 1180 1785 Dei,

191 1813 319 1896 quibus
352 1816 486 1879 creavit
518 1816 637 1898 legem
670 1814 704 1877 in
742 1813 976 1898 reputacione
1001 1833 1064 1876 sua
1088 1832 1180 1875 com·

188 1919 320 1999 pletam
337 1921 506 1992 condere3
530 1919 611 1983 ideo
629 1920 764 1984 debent
780 1918 973 1982 secundum
989 1916 1081 1980 illam
1099 1936 1179 1979 con·

148 2028 176 2078 15
189 2022 324 2085 versari
340 2032 379 2086 ut
393 2024 553 2087 homines
570 2032 607 2087 et
627 2044 697 2088 non
714 2031 754 2087 ut
768 2025 881 2086 bruta.
905 2021 1005 2085 Deus
1023 2021 1116 2084 enim
1133 2041 1179 2082 ex

189 2145 321 2190 summa
341 2127 520 2210 sapiencia
539 2130 657 2211 legem
680 2127 839 2192 condidit
855 2135 891 2189 et
908 2125 1007 2189 dedit
1028 2125 1179 2189 ecclesie

188 2228 348 2293 adhunc
371 2232 485 2295 finem.
509 2230 598 2295 Ideo
622 2232 652 2294 si
674 2232 736 2294 lex
758 2232 910 2296 humana
928 2229 1022 2294 foret
1045 2229 1180 2292 adhoc

187 2334 271 2417 lege
299 2336 369 2398 Dei
402 2335 630 2418 complecior‚
661 2334 903 2399 Antichristus
933 2334 971 2397 in
1003 2332 1179 2417 potencia,

186 2437 223 2500 in
247 2438 436 2522 sapiencia,
461 2447 498 2502 et
520 2439 554 2502 in
570 2439 805 2522 providencia
822 2439 1018 2502 excederet
1033 2438 1179 2517 Jhesum

143 2542 378 2623 20Christum3
412 2552 449 2607 et
480 2553 565 2607 tunc
592 2563 673 2607 vera
700 2543 796 2607 foret
823 2542 1077 2626 discipulorum
1103 2541 1178 2604 eius

187 2648 379 2728 sentencia,
408 2649 507 2731 quod
544 2648 754 2731 expedicius
777 2647 873 2711 foret
897 2646 1049 2710 ecclesie
1082 2645 1179 2728 quod

186 2751 394 2834 legerentur
424 2753 461 2816 in
498 2752 617 2817 missis
656 2753 810 2835 epistole
843 2753 1041 2816 decretales
1074 2771 1178 2833 quam

187 2855 339 2938 epistole
373 2858 620 2940 apostolorum
652 2858 711 2920 vel
741 2857 978 2940 evangeliumz
1011 2875 1089 2918 nam
1123 2874 1177 2917 se·

187 2961 339 3023 cundum
363 2964 461 3043 quod
483 2965 545 3025 lex
568 2970 625 3025 est
648 2961 872 3025 necessarior
900 2970 935 3023 et
966 2958 1177 3043 expedicior

142 3074 244 3128 25est
266 3065 378 3150 magis
401 3066 614 3129 venerabilis
639 3075 675 3129 ot
691 3067 773 3151 plus
797 3065 976 3130 meritorie
1000 3083 1176 3127 commen·

187 3168 309 3232 danda

229 3272 328 3355 Item,
360 3276 420 3337 lex
445 3272 575 3338 Christi
607 3276 689 3357 plus
720 3275 886 3358 pacificat
917 3293 996 3337 cum
1025 3273 1106 3336 Deo
1140 3281 1177 3335 et
1208 3285 1369 3382 cuprrsnw

185 3378 266 3458 plus
290 3377 447 3461 disponit
480 3380 524 3441 ad
557 3381 706 3443 salutem
740 3379 862 3460 anime,
896 3398 1001 3461 quam
1023 3376 1175 3441 tradicio
1210 3347 1369 3487 'iirgidiiiri'

184 3481 343 3561 humana,
360 3485 424 3546 sed
440 3484 476 3546 in
493 3494 661 3566 quantum
677 3486 740 3547 lex
754 3485 822 3549 hec
838 3482 975 3558 fecerit,
994 3490 1050 3545 est
1066 3482 1175 3545 hono·
1279 3455 1293 3486 ⁰
1313 3477 1318 3487 '

141 3598 174 3649 30
185 3586 328 3649 rabilior
350 3607 390 3651 ac
414 3588 646 3669 necessarior,
669 3589 779 3672 igitur
799 3591 861 3652 lex
878 3587 1010 3651 Christi
1030 3585 1176 3649 excellit

184 3692 544 3775 proporcionabiliter
563 3694 793 3757 tradicionem
816 3695 1009 3755 humanam.
1032 3690 1175 3753 Etcum

183 3815 255 3878 pax
279 3816 382 3879 quam
414 3798 523 3862 habet
555 3799 662 3862 homo
697 3818 774 3861 cum
798 3799 879 3861 Deo
908 3794 1081 3859 infinitum
1106 3814 1173 3856 ex-

185 3901 280 3964 cedit
295 3922 420 3984 pacem
442 3903 554 3987 aliam,
578 3903 670 3968 sicut
686 3905 782 3966 salus
798 3901 912 3966 anime
930 3911 965 3963 et
981 3897 1173 3983 spiritualis

183 4007 405 4090 prosperitas
437 4007 610 4071 infinitum
649 4009 829 4071 excedunt
861 4007 957 4069 bona
990 4004 1064 4081 alia,
1103 4022 1173 4086 que

238 4279 258 4324 5.
275 4279 304 4323 R:
325 4284 347 4322 et
367 4280 527 4336 reputaretur.
584 4291 614 4323 ιι.
635 4277 724 4323 Corde
743 4279 785 4322 sed
804 4283 835 4321 nt.
893 4288 926 4334 17.
946 4277 1022 4322 codd.
1042 4277 1065 4320 in
1086 4288 1172 4332 marg:

182 4349 247 4405 iege
261 4349 306 4393 Dei
318 4349 460 4404 impossibile
473 4354 507 4392 ert
521 4360 571 4392 esse
585 4348 710 4392 mettorem.

1019 4417 1067 4468 aa*
