3008 5026
202 394 271 441 cuc
291 386 353 466 m]
505 405 549 454 nr,
569 405 779 456 rorrsrnrn
798 407 896 456 enen.

202 558 344 621 ficiente
379 558 520 642 capitali
551 559 718 642 suffragio
745 563 849 627 hoste
878 562 1007 628 Christi
1037 565 1189 630 subdole

202 660 417 728 introducto.
441 662 644 729 Communis
661 675 777 730 autem
787 666 912 731 modus
921 669 1092 751 loquendi
1107 689 1188 733 con·

204 768 337 844 cordat,
361 770 468 851 quod,
480 789 574 852 papa
590 778 706 834 stante
722 770 849 835 inloco
860 772 959 836 Petri
974 774 1033 836 vel
1048 782 1191 856 papatu,

201 892 269 955 per
291 881 426 937 tantum
450 882 509 938 aut
532 883 666 939 tantum
689 877 861 957 temporis
884 877 943 940 ille
962 879 1062 941 locus
1080 879 1192 943 debet

177 991 285 1041 §esse
309 977 562 1057 sanctissimus,
596 999 675 1043 cum
706 1000 800 1063 papa
823 981 1005 1063 pretendit
1031 1002 1072 1046 se
1097 991 1190 1046 stare

202 1080 238 1143 in
260 1082 341 1145 loco
366 1083 479 1147 sancti
501 1092 715 1162 sanctorum,
747 1084 782 1147 in
816 1085 915 1149 cuius
944 1085 1083 1170 signum
1107 1107 1189 1151 con·

202 1186 311 1250 sentit
343 1189 440 1269 quod
463 1196 615 1251 vocetur
640 1194 742 1271 pater
768 1191 1015 1257 sanctissimus.
1040 1190 1191 1256 Studeat

202 1288 309 1372 igitur
333 1292 589 1375 calumpniator
619 1293 722 1356 huius
746 1294 931 1358 sentencie
954 1295 999 1358 de
1023 1315 1092 1378 qua
1110 1315 1190 1378 per·

202 1413 290 1457 sona
322 1396 474 1459 ecclesie
506 1396 750 1480 pertinencius
782 1398 1025 1463 verificaretur
1059 1399 1190 1464 dictum

161 1496 331 1563 10Christi
354 1502 401 1563 ad
423 1501 569 1580 literam,
594 1512 631 1566 et
655 1522 734 1565 cum
751 1505 796 1567 de
812 1503 930 1567 multis
946 1504 1190 1588 pseudopapis

202 1602 249 1666 sit
259 1624 393 1683 verum,
410 1607 507 1688 quod
524 1605 595 1670 sint
610 1607 847 1672 abhominatio
857 1609 1080 1672 desolacionis
1094 1614 1191 1673 stans

201 1710 238 1771 in
274 1711 345 1773 loco
383 1717 510 1792 sancio,
548 1709 634 1793 quid
667 1713 775 1774 obest
809 1712 1018 1794 scripturam
1056 1732 1190 1776 sacram

202 1812 378 1893 gravidari
409 1814 477 1877 ista
508 1815 702 1893 sentencia,
733 1825 793 1879 aut
825 1816 911 1899 quid
935 1817 1085 1899 derogat
1107 1836 1189 1900 pro·

201 1914 293 1980 fecie
311 1916 449 1995 Christi,
474 1921 573 2002 quod
587 1918 666 2002 ipse
690 1920 849 2002 predixit
872 1920 977 1984 nobis
997 1921 1084 1984 illud
1099 1919 1191 2003 peri·

162 2033 189 2083 15
202 2022 338 2084 culum?
362 2021 443 2086 Non
467 2023 560 2087 enim
581 2023 722 2087 videtur
746 2024 844 2107 quod
865 2024 1026 2089 Christus
1048 2026 1189 2089 locutus

203 2134 260 2188 est
291 2127 336 2189 de
368 2128 448 2190 loco
477 2127 656 2200 materiali,
689 2138 730 2192 ut
753 2129 888 2211 templo
911 2129 1108 2208 Jerusalem
1131 2130 1190 2192 vel

201 2229 280 2309 alio,
304 2230 385 2313 quia
408 2233 502 2295 nulla
517 2233 576 2295 vel
592 2233 729 2296 modica
745 2233 914 2298 sanctitas
930 2233 997 2297 nisi
1014 2233 1189 2316 equivoco

202 2343 258 2397 est
289 2333 324 2396 in
356 2334 427 2413 illo,
461 2338 527 2400 sed
549 2336 705 2419 loquitur
731 2337 880 2402 deloco
913 2337 1097 2420 spirituali,
1129 2337 1190 2420 qui

202 2447 258 2501 est
289 2449 401 2503 status
434 2451 589 2521 sanctuS,
621 2442 656 2505 in
689 2462 760 2525 quo
793 2442 955 2506 succedit
987 2462 1077 2505 unus
1104 2450 1190 2525 post

159 2543 306 2606 realium
340 2552 376 2608 et
408 2545 735 2610 abhominacionem
766 2546 802 2610 in
835 2548 896 2611 tali
926 2548 1008 2610 loco
1038 2566 1189 2610 necesse

202 2656 259 2710 est
281 2646 419 2712 fundari
442 2649 475 2712 in
501 2651 609 2714 clerc.

244 2750 317 2816 Sed
341 2763 463 2818 contra
485 2754 571 2818 illud
594 2754 754 2838 arguitur
775 2775 841 2838 per
864 2758 944 2837 hoc,
968 2757 1065 2839 quod
1088 2757 1186 2838 Apo·
1225 2771 1242 2813 u
1256 2770 1277 2814 u
1291 2773 1377 2832 argues

200 2858 313 2920 stolus
337 2857 381 2921 ΙΙ.
402 2858 548 2940 Tessal,
580 2858 627 2935 II,
659 2881 679 2938 4
711 2861 756 2922 de
788 2859 1009 2923 Antichristo
1036 2861 1188 2942 loquens
1207 2824 1398 2919 ¹hiitiii⁶iiei⁸¹

200 2963 394 3044 prophetat
416 2964 513 3045 quod
535 2965 572 3026 in
594 2965 718 3046 templo
742 2963 807 3027 Dei
829 2965 953 3046 sedeat,
988 2983 1060 3028 non
1082 2963 1189 3047 igitur
1202 2927 1288 3023 {iiiii
1302 2928 1398 3024 iiiii.

158 3073 270 3129 25stat
293 3065 329 3128 in
350 3067 432 3129 loco
456 3076 590 3144 sancto,
624 3076 660 3129 et
682 3087 748 3149 per
777 3087 1003 3150 consequens
1027 3067 1188 3131 Christus

199 3168 250 3232 ibi
272 3190 344 3233 non
366 3171 522 3253 loquitur
545 3172 590 3234 de
614 3171 842 3236 Antichristo.
883 3172 1002 3236 Primo
1028 3173 1116 3237 tollo
1139 3171 1187 3234 in·

107 3284 171 3348 241d
200 3274 368 3337 stanciam
388 3277 393 3358 Ι
414 3276 590 3358 detegens
622 3275 803 3358 fallaciam,
836 3296 915 3339 nam
947 3286 984 3340 et
1016 3275 1125 3340 stabit
1151 3282 1188 3337 et

200 3379 350 3447 sedebit,
387 3378 506 3444 Stabit
529 3381 572 3443 ad
596 3380 804 3465 erigendum
829 3388 865 3444 et
893 3380 1186 3463 magnificandum

200 3503 297 3547 suam
320 3485 521 3568 potenciam
544 3495 720 3569 tamquam
743 3496 886 3569 paratus
911 3487 954 3549 ad
978 3485 1186 3569 temporalia

157 3587 416 3672 3orapiendum,
453 3609 531 3653 nam
564 3588 656 3653 sicut
688 3589 890 3672 Stephanus
922 3589 1012 3653 vidit
1043 3589 1187 3652 Ihesum

200 3702 351 3757 stantem
375 3714 395 3757 a
417 3694 553 3758 dextris
576 3693 717 3758 virtutis
740 3694 811 3757 Dei
826 3695 905 3758 Act.
921 3694 1003 3777 VII,
1026 3703 1185 3778 paratum
1221 3708 1379 3804 intendunt>

199 3800 244 3862 ad
275 3802 432 3862 membra
469 3819 532 3863 sua
570 3800 747 3863 certancia
781 3800 1021 3881 relevandum,
1060 3809 1097 3862 et
1134 3798 1185 3862 sic
1208 3772 1289 3805 «Μ
1308 3768 1387 3806 '‘¹¹⁰¹''

199 3903 389 3986 utrobique
404 3904 561 3986 loquitur
577 3905 753 3987 scriptura
768 3906 813 3968 de
829 3904 987 3968 stacione
1004 3903 1186 3987 spirituali,

200 4007 281 4090 quia
301 4014 352 4085 (ut
374 4008 540 4088 creditur)
563 4007 765 4092 Stephanus
788 4028 860 4072 non
881 4008 971 4072 vidit
992 4008 1187 4072 stacionem

157 4122 188 4174 35
200 4115 422 4196 corporalem
446 4115 490 4177 ad
505 4123 636 4178 tantam
653 4113 857 4178 distanciam
877 4115 982 4180 oculo
1000 4113 1186 4197 corporali,

252 4352 273 4398 3.
289 4353 361 4399 Ood.:
372 4359 426 4398 stat.
488 4366 524 4399 22.
535 4352 612 4398 Codd.
620 4354 644 4397 in
653 4366 739 4409 marga
754 4353 909 4398 Antichristus
918 4353 1034 4409 quomodo
1047 4353 1186 4399 ostenditur.

1033 4427 1082 4477 αι*
