3008 5026
651 383 823 435 Jonnums
841 382 983 435 wreus
1175 361 1259 452 [cnr.
1278 378 1320 422 m.

325 539 414 616 celiS,
447 544 477 603 ei
509 540 729 621 quodcunque
758 542 901 605 solveris
936 559 1041 622 super
1072 546 1217 618 terram,
1254 541 1321 604 crit

324 645 474 707 solutum
507 648 537 707 ei
569 644 605 708 in
637 645 725 708 celis
764 641 838 709 Sed
869 652 956 727 post
982 643 1090 709 Math.
1117 643 1249 708 XVIII
1282 654 1321 708 et

323 748 401 827 Joh.
424 748 503 812 XX
534 749 594 813 dat
622 749 797 833 apostolis
826 750 1059 813 communiter
1090 758 1320 832 potestatem.

119 863 183 922 0¹1¹r
196 872 221 928 ¹9
236 867 301 910 Peter
325 851 399 917 Sed
430 873 602 936 nusquam
633 853 766 936 legitur
797 854 834 916 in
871 854 1047 937 scriptura
1084 856 1183 937 quod
1215 852 1320 917 alteri

107 922 312 1025 liiiieossvlieiiii.
324 977 427 1040 quam
450 957 560 1021 Petro
593 957 693 1021 dedit
714 958 877 1021 dominus
901 960 1019 1021 claves
1045 958 1127 1033 celi;
1159 978 1226 1042 per
1248 960 1344 1027 hocs

323 1061 433 1144 igitur
456 1063 554 1146 quod
577 1062 706 1127 Petrus
739 1083 786 1126 ex
815 1063 1085 1145 approbacione
1110 1063 1242 1128 Christi
1264 1081 1319 1127 re·

324 1166 471 1249 spondit
502 1187 569 1250 pro
603 1167 767 1231 omnibus
796 1168 832 1231 in
856 1167 1030 1251 precipua
1053 1166 1203 1231 materia
1224 1167 1320 1248 fidei,

324 1291 394 1355 que
419 1280 476 1336 est
497 1271 767 1336 fundamentum
787 1272 961 1354 spirituali
976 1272 1175 1356 preposito,
1199 1281 1237 1337 et
1251 1293 1320 1356 per

323 1377 392 1439 hoc
415 1376 512 1459 quod
537 1375 698 1440 Christus
722 1386 857 1441 mutato
885 1376 1029 1440 nomine
1057 1375 1259 1460 aSymone
1282 1377 1319 1441 in

323 1480 480 1564 Petrum,
514 1482 611 1564 quod
642 1500 773 1544 nomen
805 1481 985 1545 contraxit
1015 1502 1035 1544 a
1067 1501 1107 1544 se
1133 1480 1223 1566 ips'o,
1257 1481 1320 1565 qui
1332 1511 1362 1547 ιο

324 1594 381 1648 est
412 1585 520 1650 Petra
559 1595 596 1649 et
631 1585 902 1650 fundamentum
935 1586 1101 1664 ecclesie,
1139 1596 1179 1650 ut
1215 1594 1320 1669 patet

324 1689 351 1752 Ι.
369 1689 524 1756 Corinth.
541 1690 580 1753 X
597 1700 633 1754 et
648 1690 675 1757 I.
693 1690 849 1755 Corinth.
866 1689 930 1771 III,
951 1690 1095 1755 videtur
1115 1691 1318 1755 concedere

324 1793 433 1858 Petro
458 1796 632 1878 quandam
655 1794 920 1879 prerogativam
944 1815 1054 1878 super
1075 1805 1216 1860 ceteros
1232 1816 1318 1881 apo·

324 1901 439 1963 stolos
464 1901 508 1963 ad
527 1902 723 1984 regendam
739 1919 838 1964 suam
855 1899 1053 1982 ecclesiam,
1076 1921 1116 1964 ac
1132 1899 1164 1964 si
1180 1900 1320 1965 diceret

324 2006 520 2068 secundum
565 2004 835 2088 exposicionem
865 2004 1061 2087 Augustini
1091 2005 1150 2069 De
1182 2006 1317 2070 Verbis
1332 2020 1362 2072 15

323 2108 469 2172 Domini
506 2129 669 2174 sermone
700 2109 810 2173 XIII:
850 2109 930 2193 Ego
956 2129 1033 2172 sum
1071 2119 1184 2193 petra,
1221 2111 1320 2195 (quia

325 2212 498 2295 Christus)
515 2234 534 2278 a
551 2235 620 2297 qua
642 2225 681 2278 tu
698 2235 737 2279 es
754 2216 894 2295 Petrus,
917 2215 954 2279 id
971 2225 1028 2279 est
1048 2215 1259 2280 christianus
1282 2216 1316 2280 in

324 2318 395 2382 fide
418 2319 550 2400 firmus,
572 2319 786 2384 inmediatus
810 2320 880 2384 mei
901 2320 1065 2402 vicarius,
1089 2340 1318 2404 superquam

323 2432 471 2506 petram,
494 2444 598 2507 quam
622 2424 810 2489 confessus
830 2445 880 2507 es,
904 2445 971 2508 per
993 2434 1029 2488 te
1053 2434 1093 2488 ut
1115 2424 1318 2508 proximum

324 2528 400 2593 eius
425 2529 649 2612 capitaneum
672 2529 831 2593 fundabo
857 2530 1045 2593 ecclesiam
1069 2550 1191 2596 meam.
1224 2531 1362 2613 Ideo,20

325 2633 410 2697 dicit
426 2633 660 2716 Augustinus,
683 2654 706 2698 a
717 2641 822 2717 petra
837 2641 960 2716 petrus
974 2655 1042 2698 non
1059 2655 1081 2699 a
1092 2640 1191 2718 petro
1203 2641 1318 2718 petra,

322 2740 409 2802 sicui
445 2757 469 2801 a
508 2736 642 2804 Christo
682 2736 910 2818 Christianus
951 2759 1018 2803 non
1058 2759 1081 2803 a
1121 2738 1317 2806 Christiano

326 2840 489 2908 Christus.
513 2844 595 2908 Ideo
617 2864 723 2927 super
738 2865 794 2908 me
809 2845 973 2924 edificabo
990 2847 1168 2910 ecclesiam
1189 2863 1317 2925 meam,

323 2966 391 3011 non
406 2966 514 3030 super
535 2954 575 3026 ic,
599 2968 683 3013 nam
701 2951 847 3014 volentes
862 2949 1026 3029 edificare
1043 2968 1150 3032 super
1162 2951 1318 3013 homines

323 3053 494 3116 dicebant:
534 3051 606 3134 Ego
643 3055 781 3134 quidem
813 3072 892 3118 sum
927 3054 1042 3133 Pauli,
1080 3067 1140 3136 ego
1178 3056 1316 3136 quidem
1329 3064 1360 3116 25

322 3157 455 3238 Apollo,
481 3169 540 3238 ego
564 3176 644 3221 vcro
662 3156 779 3240 Cephc,
803 3160 863 3222 sed
885 3161 1061 3240 apostolus
1083 3160 1166 3222 dicii
1187 3178 1224 3222 se
1246 3177 1319 3223 csse

322 3263 462 3343 lapidis,
500 3264 558 3343 qui
596 3268 643 3326 esi
683 3261 850 3328 Christus.
890 3263 977 3327 Cum
1014 3263 1123 3346 igitur
1156 3262 1317 3327 Christus

323 3366 481 3430 nominat
497 3366 644 3430 Petrum
661 3366 775 3449 primo
798 3366 940 3430 nomine
965 3388 1041 3451 su0,
1066 3368 1208 3433 videtur
1232 3389 1317 3432 con·

325 3472 454 3534 cedere
485 3470 712 3555 primitatem,
739 3471 822 3534 ideo
847 3472 933 3535 dicit
960 3472 1186 3555 Augustinus
1218 3474 1318 3555 quod

324 3578 536 3657 apostolatus
566 3577 673 3639 tenuit
703 3578 942 3658 principatum
973 3576 1010 3639 in
1042 3577 1183 3659 signum
1215 3577 1361 3641 cuius30

323 3679 564 3763 possessionis
578 3690 615 3745 et
623 3680 890 3763 preeminencie
901 3681 1023 3744 subdit
1029 3680 1204 3745 Christus:
1217 3679 1316 3745 Dabo

323 3785 383 3848 libi
406 3792 491 3866 post
506 3794 656 3848 mortem
672 3804 785 3848 meam
801 3787 913 3849 claves
928 3787 1072 3867 ecclesie,
1097 3805 1201 3868 quam
1220 3785 1315 3850 forti-

378 4036 411 4080 19.
425 4035 469 4079 per
482 4028 520 4076 te,·
534 4025 562 4068 B:
576 4029 651 4079 peter.
707 4023 744 4069 28.
762 4025 791 4068 B:
807 4025 901 4069 Petrum
914 4026 987 4070 deest.

380 4149 418 4201 15.
438 4151 474 4199 St.
494 4151 632 4216 Augustini
653 4150 770 4216 episcopi
790 4153 884 4201 Sermo
898 4151 1003 4201 LXXVI
1019 4152 1051 4201 de
1070 4152 1162 4201 verbio
1182 4153 1313 4217 evangelii

323 4235 414 4287 Matth.
428 4237 495 4298 XIV,
515 4237 584 4303 Opp.
604 4248 668 4288 tom.
688 4237 720 4298 V,
739 4237 800 4301 415.
820 4237 860 4289 Cf.
881 4239 968 4289 Hussii
989 4239 1059 4303 Opp.
1074 4241 1144 4290 210⁸.
1217 4240 1258 4292 30.
1278 4242 1316 4290 St.

322 4326 462 4391 Augustini
481 4326 575 4375 Sermo
595 4325 698 4376 LXXVI
718 4324 762 4374 ubi
782 4342 805 4391 p.
824 4324 885 4388 416.
