3008 5026
141 418 263 482 XLVI

139 599 195 671 nis,
213 597 312 673 diligis
328 615 377 655 me
397 597 464 672 plus
481 596 546 666 hiis,
564 610 593 654 et
609 597 711 655 statim
730 616 764 655 ex

141 685 310 744 maioritate
334 683 510 743 dileccionis
531 684 693 742 committit
707 683 764 742 sibi

140 792 226 831 suam
251 771 408 831 ecclesiam
434 773 472 830 ad
496 772 691 847 pascendum.

184 862 243 920 Sed
275 859 453 932 notandum,
491 861 575 937 quod
609 858 764 934 multiplex

140 961 184 1006 est
201 946 284 1006 racio
300 946 438 1021 amandi;
456 945 580 1022 quidam
598 945 679 1003 enim
698 947 764 1020 plus

141 1048 245 1094 amant
254 1034 408 1095 Christum
424 1034 590 1092 secundum
608 1033 763 1090 racionem

140 1122 304 1181 divinitatis
319 1135 352 1179 ut
366 1123 500 1179 creditur
514 1123 550 1177 de
562 1119 763 1195 Euangelista,

139 1208 264 1286 quidam
291 1227 363 1268 vero
391 1209 459 1284 plus
486 1222 591 1266 amant
619 1227 687 1265 eum
719 1226 765 1264 se-

138 1298 272 1355 cundum
296 1295 451 1355 racionem
480 1313 532 1352 sue
556 1293 762 1366 humanitatis,

138 1397 173 1442 ut
196 1383 329 1443 creditur
353 1385 390 1440 de
411 1382 561 1457 Philippo,
587 1396 615 1439 et
640 1381 762 1458 quidam

138 1474 302 1531 secundum
337 1470 491 1528 racionem
531 1469 577 1526 sui
615 1468 763 1544 corporis,

138 1560 220 1634 quod
237 1571 282 1616 est
299 1557 435 1619 ecclesia.
459 1559 496 1614 Et
519 1554 563 1613 sic
581 1556 618 1613 de
635 1555 761 1613 infinitis

139 1645 206 1704 aliis
244 1645 418 1704 nacionibus
456 1658 485 1701 et
523 1643 650 1701 istorum
693 1645 764 1700 sub-

138 1731 345 1811 divisionibus,
369 1751 425 1808 pro
448 1733 555 1807 quibus
575 1732 612 1789 de
628 1730 763 1806 quolibet

138 1833 244 1879 sancto
290 1819 396 1877 dicunt
441 1818 515 1876 illud
558 1816 763 1876 Ecclesiastici

137 1908 232 1966 XLIV
265 1923 305 1967 20
336 1904 500 1964 verificari:
538 1907 606 1962 Non
642 1918 686 1962 est
718 1904 764 1962 in·

137 2006 244 2052 ventus
267 1992 375 2051 similis
398 1992 442 2050 illi
457 2041 464 2055 .
480 2041 487 2054 .
503 2041 510 2054 .
526 2040 533 2053 .

656 421 932 476 INTRODUCTION.

818 597 874 669 nis,
903 597 1003 672 diligis
1032 615 1079 655 me
1107 598 1175 673 plus
1204 596 1249 654 his
1281 608 1310 654 et
1340 596 1443 654 statim

819 683 981 743 committit
1013 684 1070 742 sibi
1103 703 1172 742 oves
1208 703 1278 743 suae
1306 685 1344 741 ad
1375 702 1446 760 pas·

819 773 956 834 cendum.

862 861 921 917 Sed
954 858 995 916 ibi
1033 861 1201 917 notandum
1236 859 1324 926 foret,
1360 858 1443 933 quod

819 946 973 1021 multiplex
1007 960 1051 1004 est
1083 946 1167 1004 racio
1205 945 1327 1003 amandi
1359 946 1444 1003 Chri·

818 1047 906 1095 stum.
924 1035 1055 1105 Quidam
1072 1033 1152 1091 enim
1169 1034 1237 1108 plus
1256 1033 1322 1090 aliis
1338 1044 1443 1090 amant

818 1120 982 1192 Christum,
1014 1123 1180 1179 secundum
1210 1120 1365 1178 racionem
1399 1120 1444 1177 di·

817 1207 960 1286 vinitatis,
983 1224 1016 1267 ut
1033 1208 1166 1267 creditur
1182 1210 1219 1265 de
1236 1206 1442 1282 Evangelista,

817 1295 941 1370 quidam
965 1315 1036 1355 vero
1061 1297 1127 1370 plus
1151 1308 1255 1353 amant
1277 1294 1440 1366 Christum,

817 1384 982 1440 secundum
1000 1383 1153 1441 racionem
1166 1401 1218 1440 sue
1233 1381 1442 1450 humanitatis,

817 1483 850 1526 ut
873 1469 1007 1528 creditur
1029 1473 1066 1528 de
1089 1470 1240 1545 Philippo,
1264 1483 1293 1527 et
1317 1469 1440 1545 quidam

816 1559 982 1615 secuudum
1022 1557 1177 1615 racionem
1213 1557 1259 1613 sui
1292 1556 1440 1631 corporis,

817 1645 898 1720 quod
922 1658 967 1702 est
990 1644 1124 1705 ecclesia.
1150 1647 1186 1701 Et
1209 1644 1252 1700 sic
1276 1646 1313 1701 de
1338 1643 1442 1700 multis

816 1732 891 1788 alius
914 1733 1086 1790 nacionibus
1111 1752 1166 1807 pro
1186 1731 1297 1807 quihus
1313 1733 1350 1788 de
1366 1749 1442 1806 quo·

816 1817 889 1876 libet
906 1834 1010 1877 sancto
1027 1820 1131 1876 dicunt
1147 1819 1223 1877 illud
1239 1816 1441 1876 Ecclesiastici

816 1907 907 1963 XLlV
934 1906 1099 1964 verificari:
1133 1910 1200 1963 Non
1229 1918 1273 1963 est
1301 1905 1440 1963 inventus

816 1991 921 2050 similis
945 1993 1083 2055 illi....

241 2165 296 2228 As
328 2173 365 2227 to
398 2166 459 2226 the
491 2163 686 2245 remaining
716 2183 903 2246 passages,
936 2183 999 2227 see
1026 2165 1145 2227 below
1168 2184 1216 2227 on
1237 2183 1298 2246 pp.
1322 2182 1440 2243 5-12,

142 2278 277 2351 15—18,
309 2272 362 2348 48,
385 2272 436 2347 86,
460 2289 511 2349 93,
548 2288 617 2349 157,
654 2272 723 2347 165,
760 2271 829 2347 185,
862 2289 935 2349 309,
968 2290 1040 2350 332,
1072 2274 1144 2350 361,
1167 2273 1241 2349 383,
1264 2276 1337 2349 384.
1384 2265 1440 2330 On

137 2372 340 2456 examining
362 2376 474 2453 these,
496 2373 525 2436 it
547 2374 618 2435 will
641 2374 687 2435 be
709 2372 821 2436 found
843 2374 920 2437 that
942 2374 1058 2436 whole
1081 2394 1193 2458 pages
1216 2372 1257 2436 of
1269 2371 1439 2456 Wyclif's

139 2478 386 2564 explanations
401 2480 496 2541 have
510 2480 606 2541 been
621 2477 787 2540 annexed
805 2479 856 2560 by
871 2478 961 2542 HuS.
984 2478 1102 2541 There
1126 2498 1186 2541 are
1209 2479 1283 2541 also
1307 2476 1439 2540 certain

137 2582 348 2648 theoretical
376 2581 599 2664 expositions
622 2589 788 2664 amongst
818 2582 916 2645 them
948 2582 990 2645 of
1017 2582 1140 2661 which,
1178 2582 1234 2646 for
1265 2584 1325 2644 the
1353 2582 1438 2644 sake

139 2687 181 2751 of
200 2708 220 2751 a
240 2692 360 2753 better
383 2685 596 2750 elucidation
619 2686 659 2750 of
677 2688 738 2750 the
761 2695 899 2768 matter,
926 2686 943 2749 1
966 2687 1093 2750 should
1116 2687 1204 2751 wish
1233 2695 1270 2750 to
1294 2687 1379 2770 give
1404 2695 1441 2749 at

138 2794 231 2856 least
253 2811 322 2855 one
345 2791 521 2869 instance;
544 2791 573 2855 it
595 2792 625 2854 is
648 2791 768 2854 where
785 2791 864 2854 Hus
887 2792 1018 2873 speaks
1039 2793 1149 2854 about
1173 2793 1233 2855 the
1250 2800 1321 2856 two
1346 2800 1440 2854 sorts

140 2895 182 2959 of
200 2898 334 2981 clergy.
358 2894 553 2979 Compare:

433 3072 553 3137 Clerus
575 3076 717 3156 duplex:
740 3072 866 3138 Christi
888 3078 918 3136 et
940 3071 1148 3136 Antichristi.

138 3232 287 3307 Wyclif,
310 3234 359 3289 De
376 3235 563 3291 Potestate
583 3235 678 3308 Pape
698 3235 759 3304 Xll,

386 3357 415 3413 P·
438 3355 516 3415 33²²

180 3476 252 3533 Ideo
276 3490 397 3552 oportet
426 3477 618 3537 considerare
645 3491 759 3535 sectam

138 3562 210 3621 cleri
220 3562 384 3639 duplicem,
396 3564 510 3622 scilicet
521 3566 636 3622 clerum
647 3564 760 3623 Christi

138 3662 167 3707 et
199 3650 313 3708 clerum
345 3651 522 3710 Antichristi
559 3651 652 3727 priori
689 3671 761 3709 con-

137 3737 273 3800 trarium.
296 3739 402 3797 Clerus
423 3738 533 3798 Christi
553 3739 707 3815 quietatur
729 3740 760 3795 in

137 3822 204 3900 ipso
227 3825 326 3899 capite
348 3845 384 3884 ac
410 3827 472 3884 suis
499 3827 623 3901 legibus.
655 3827 760 3884 Clerus

137 3929 209 3969 vero
246 3912 424 3971 Antichristi
461 3914 507 3971 vel
545 3913 677 3971 totaliter
714 3914 760 3971 vel

137 4001 395 4074 preponderanter
406 3999 541 4058 innititur
551 4000 665 4075 legibus
674 4000 760 4057 Anti·

138 4085 254 4162 christi;
270 4100 299 4144 et
315 4100 417 4145 tamen
427 4086 572 4163 palliatur
583 4106 646 4145 esse
661 4088 758 4145 clerus

137 4171 250 4230 Christi
278 4187 369 4250 atque
401 4174 535 4247 ecclesie,
569 4189 602 4232 ut
629 4176 759 4249 populus

136 4258 313 4319 simulacius
340 4263 511 4323 seducatur.
551 4265 587 4318 Et
613 4261 670 4319 ista
697 4275 759 4319 tam

137 4347 290 4419 contraria
306 4361 426 4425 oportet
446 4349 534 4407 inniti
554 4351 673 4407 duobus
688 4367 761 4406 con·

944 3235 1030 3305 Hus,
1058 3236 1106 3290 De
1130 3230 1309 3302 Ecclesia,

1007 3336 1056 3398 tol.
1074 3338 1245 3394 CCXXVl⁸:

858 3478 915 3536 Hic
947 3491 1067 3552 oportet
1104 3476 1294 3535 considerare
1324 3488 1435 3532 sectam

814 3565 886 3622 cleri
897 3565 1060 3639 duplicem,
1072 3563 1186 3621 scilicet
1199 3564 1314 3620 clerum
1325 3562 1436 3620 Christi

815 3666 843 3708 et
867 3653 979 3709 clerum
1004 3650 1191 3711 Antichristi.

857 3740 961 3797 Clerus
990 3737 1100 3795 Christi
1132 3738 1285 3813 quietatur
1318 3735 1349 3793 in
1381 3755 1436 3794 suo

814 3825 912 3900 capite
927 3824 1049 3884 Christo
1065 3844 1100 3882 ac
1116 3824 1177 3882 suis
1192 3825 1315 3900 legibus.
1332 3824 1436 3881 Clerus

813 3931 884 3971 vero
899 3911 1075 3970 Antichristi
1092 3913 1139 3969 vel
1159 3911 1294 3969 totaliter
1308 3910 1354 3967 vel
1369 3929 1436 3985 pre·

814 4002 1017 4075 ponderanter
1054 3998 1188 4056 innititur
1229 3997 1344 4073 legibus
1383 3999 1436 4055 hu-

814 4086 911 4144 manis
922 4099 950 4144 et
965 4086 1080 4160 legibus
1096 4086 1272 4144 Antichristi
1289 4098 1318 4142 et
1334 4097 1435 4143 tamen

813 4173 954 4248 palliatur
985 4191 1049 4230 esse
1082 4174 1179 4231 clerus
1202 4173 1312 4231 Christi
1345 4186 1435 4247 atque

813 4259 947 4332 ecclesie,
964 4273 996 4316 ut
1014 4262 1143 4335 populus
1156 4260 1331 4318 simulacius
1347 4262 1435 4316 sedu-

814 4361 910 4406 catur.
934 4350 971 4404 Et
992 4347 1049 4407 ista
1064 4361 1126 4406 tam
1148 4347 1301 4406 contraria
1316 4360 1436 4422 oportet
