<?xml version="1.0" encoding="UTF-8"?>
<!DOCTYPE html PUBLIC "-//W3C//DTD XHTML 1.0 Transitional//EN"
    "http://www.w3.org/TR/xhtml1/DTD/xhtml1-transitional.dtd">
<html xmlns="http://www.w3.org/1999/xhtml" xml:lang="en" lang="en">
 <head>
  <title>
</title>
<meta http-equiv="Content-Type" content="text/html;charset=utf-8" />
  <meta name='ocr-system' content='tesseract 3.04.00' />
  <meta name='ocr-capabilities' content='ocr_page ocr_carea ocr_par ocr_line ocrx_word'/>
</head>
<body>
  <div class='ocr_page' id='page_1' title='image "./johanniswyclift00mattgoog_0108.png"; bbox 0 0 3008 5026; ppageno 0'>
   <div class='ocr_carea' id='block_1_1' title="bbox 176 356 861 446">
    <p class='ocr_par' dir='ltr' id='par_1_1' title="bbox 176 356 861 446">
     <span class='ocr_line' id='line_1_1' title="bbox 176 356 861 446; baseline -0.001 -22"><span class='ocrx_word' id='word_1_1' title='bbox 176 372 240 418; x_wconf 72' lang='lat' dir='ltr'>cm</span> <span class='ocrx_word' id='word_1_2' title='bbox 259 356 313 446; x_wconf 89' lang='grc' dir='ltr'>ιι]</span> <span class='ocrx_word' id='word_1_3' title='bbox 469 377 515 428; x_wconf 83' lang='lat' dir='ltr'>os</span> <span class='ocrx_word' id='word_1_4' title='bbox 534 374 745 428; x_wconf 72' lang='lat' dir='ltr'>rorssmrs</span> <span class='ocrx_word' id='word_1_5' title='bbox 764 373 861 426; x_wconf 72' lang='lat' dir='ltr'>rurs.</span> 
     </span>
    </p>
   </div>
   <div class='ocr_carea' id='block_1_2' title="bbox 106 530 1373 3849">
    <p class='ocr_par' dir='ltr' id='par_1_2' title="bbox 106 530 1373 3849">
     <span class='ocr_line' id='line_1_2' title="bbox 174 530 1159 615; baseline 0 -19"><span class='ocrx_word' id='word_1_6' title='bbox 174 531 290 596; x_wconf 85' lang='lat' dir='ltr'>sufflat</span> <span class='ocrx_word' id='word_1_7' title='bbox 311 532 427 615; x_wconf 89' lang='lat' dir='ltr'>ipsum</span> <span class='ocrx_word' id='word_1_8' title='bbox 456 534 498 596; x_wconf 95' lang='lat' dir='ltr'>ab</span> <span class='ocrx_word' id='word_1_9' title='bbox 523 552 603 596; x_wconf 89' lang='lat' dir='ltr'>area</span> <span class='ocrx_word' id='word_1_10' title='bbox 624 530 794 595; x_wconf 87' lang='lat' dir='ltr'>virtutum</span> <span class='ocrx_word' id='word_1_11' title='bbox 818 532 1097 595; x_wconf 90' lang='lat' dir='ltr'>comburendum</span> <span class='ocrx_word' id='word_1_12' title='bbox 1120 544 1159 597; x_wconf 93' lang='lat' dir='ltr'>ut</span> 
     </span>
     <span class='ocr_line' id='line_1_3' title="bbox 174 636 1159 720; baseline 0 -21"><span class='ocrx_word' id='word_1_13' title='bbox 174 637 308 718; x_wconf 90' lang='lat' dir='ltr'>paleam</span> <span class='ocrx_word' id='word_1_14' title='bbox 343 639 402 701; x_wconf 92' lang='lat' dir='ltr'>vel</span> <span class='ocrx_word' id='word_1_15' title='bbox 424 637 552 702; x_wconf 87' lang='lat' dir='ltr'>bestiis</span> <span class='ocrx_word' id='word_1_16' title='bbox 576 636 728 700; x_wconf 89' lang='lat' dir='ltr'>civitatis</span> <span class='ocrx_word' id='word_1_17' title='bbox 744 637 888 720; x_wconf 86' lang='lat' dir='ltr'>dyaboli</span> <span class='ocrx_word' id='word_1_18' title='bbox 908 637 1159 701; x_wconf 89' lang='lat' dir='ltr'>devorandum.</span> 
     </span>
     <span class='ocr_line' id='line_1_4' title="bbox 174 739 1159 824; baseline 0 -22"><span class='ocrx_word' id='word_1_19' title='bbox 174 739 361 823; x_wconf 83' lang='lat' dir='ltr'>Expetivit</span> <span class='ocrx_word' id='word_1_20' title='bbox 390 741 499 824; x_wconf 81' lang='lat' dir='ltr'>igitur</span> <span class='ocrx_word' id='word_1_21' title='bbox 531 743 692 823; x_wconf 78' lang='lat' dir='ltr'>sathanas</span> <span class='ocrx_word' id='word_1_22' title='bbox 721 750 760 805; x_wconf 92' lang='lat' dir='ltr'>ut</span> <span class='ocrx_word' id='word_1_23' title='bbox 783 750 870 823; x_wconf 92' lang='lat' dir='ltr'>post</span> <span class='ocrx_word' id='word_1_24' title='bbox 891 739 1159 823; x_wconf 84' lang='lat' dir='ltr'><strong>percussionem</strong></span> 
     </span>
     <span class='ocr_line' id='line_1_5' title="bbox 106 845 1159 929; baseline -0.002 -21"><span class='ocrx_word' id='word_1_25' title='bbox 106 848 151 916; x_wconf 77' lang='lat'>¹7¹⁴</span> <span class='ocrx_word' id='word_1_26' title='bbox 173 845 326 926; x_wconf 90' lang='lat' dir='ltr'>pastoris</span> <span class='ocrx_word' id='word_1_27' title='bbox 349 855 477 929; x_wconf 91' lang='lat' dir='ltr'>posset</span> <span class='ocrx_word' id='word_1_28' title='bbox 499 866 562 909; x_wconf 91' lang='lat' dir='ltr'>eos</span> <span class='ocrx_word' id='word_1_29' title='bbox 583 848 588 926; x_wconf 85' lang='grc' dir='ltr'>Ι</span> <span class='ocrx_word' id='word_1_30' title='bbox 608 846 818 928; x_wconf 87' lang='lat' dir='ltr'>temptando</span> <span class='ocrx_word' id='word_1_31' title='bbox 840 855 1032 909; x_wconf 84' lang='lat' dir='ltr'>concutere</span> <span class='ocrx_word' id='word_1_32' title='bbox 1048 855 1159 908; x_wconf 88' lang='lat' dir='ltr'>vento</span> 
     </span>
     <span class='ocr_line' id='line_1_6' title="bbox 154 949 1159 1032; baseline 0 -21"><span class='ocrx_word' id='word_1_33' title='bbox 154 951 353 1032; x_wconf 83' lang='lat' dir='ltr'>5superbie,</span> <span class='ocrx_word' id='word_1_34' title='bbox 384 949 624 1032; x_wconf 82' lang='lat' dir='ltr'>perplexitate</span> <span class='ocrx_word' id='word_1_35' title='bbox 649 949 850 1012; x_wconf 87' lang='lat' dir='ltr'>diffidencie</span> <span class='ocrx_word' id='word_1_36' title='bbox 884 959 921 1013; x_wconf 90' lang='lat' dir='ltr'>et</span> <span class='ocrx_word' id='word_1_37' title='bbox 951 949 1027 1012; x_wconf 89' lang='lat' dir='ltr'>aliis</span> <span class='ocrx_word' id='word_1_38' title='bbox 1053 950 1159 1012; x_wconf 91' lang='lat' dir='ltr'>collu-</span> 
     </span>
     <span class='ocr_line' id='line_1_7' title="bbox 174 1053 1159 1137; baseline -0.001 -21"><span class='ocrx_word' id='word_1_39' title='bbox 174 1053 335 1117; x_wconf 87' lang='lat' dir='ltr'>sionibus</span> <span class='ocrx_word' id='word_1_40' title='bbox 372 1053 622 1137; x_wconf 87' lang='lat' dir='ltr'>spiritualibus,</span> <span class='ocrx_word' id='word_1_41' title='bbox 661 1073 732 1116; x_wconf 93' lang='lat' dir='ltr'>non</span> <span class='ocrx_word' id='word_1_42' title='bbox 772 1054 815 1116; x_wconf 94' lang='lat' dir='ltr'>ad</span> <span class='ocrx_word' id='word_1_43' title='bbox 854 1053 1159 1136; x_wconf 86' lang='lat' dir='ltr'>expurgacionem</span> 
     </span>
     <span class='ocr_line' id='line_1_8' title="bbox 175 1155 1159 1239; baseline -0.001 -20"><span class='ocrx_word' id='word_1_44' title='bbox 175 1157 507 1239; x_wconf 88' lang='lat' dir='ltr'>predestinatorum,</span> <span class='ocrx_word' id='word_1_45' title='bbox 522 1157 608 1221; x_wconf 92' lang='lat' dir='ltr'>licet</span> <span class='ocrx_word' id='word_1_46' title='bbox 622 1158 691 1220; x_wconf 94' lang='lat' dir='ltr'>hoc</span> <span class='ocrx_word' id='word_1_47' title='bbox 702 1156 857 1234; x_wconf 86' lang='lat' dir='ltr'>sciverit,</span> <span class='ocrx_word' id='word_1_48' title='bbox 869 1157 935 1220; x_wconf 92' lang='lat' dir='ltr'>sed</span> <span class='ocrx_word' id='word_1_49' title='bbox 951 1157 995 1219; x_wconf 93' lang='lat' dir='ltr'>ad</span> <span class='ocrx_word' id='word_1_50' title='bbox 1004 1155 1159 1239; x_wconf 89' lang='lat' dir='ltr'>dampni-</span> 
     </span>
     <span class='ocr_line' id='line_1_9' title="bbox 174 1260 1159 1344; baseline -0.001 -21"><span class='ocrx_word' id='word_1_51' title='bbox 174 1260 347 1323; x_wconf 91' lang='lat' dir='ltr'>ficandum</span> <span class='ocrx_word' id='word_1_52' title='bbox 378 1260 555 1344; x_wconf 92' lang='lat' dir='ltr'>prescitos</span> <span class='ocrx_word' id='word_1_53' title='bbox 586 1261 735 1324; x_wconf 89' lang='lat' dir='ltr'>relictos</span> <span class='ocrx_word' id='word_1_54' title='bbox 767 1270 806 1324; x_wconf 93' lang='lat' dir='ltr'>ut</span> <span class='ocrx_word' id='word_1_55' title='bbox 831 1261 944 1343; x_wconf 88' lang='lat' dir='ltr'>palea,</span> <span class='ocrx_word' id='word_1_56' title='bbox 977 1263 1073 1344; x_wconf 94' lang='lat' dir='ltr'>quod</span> <span class='ocrx_word' id='word_1_57' title='bbox 1098 1263 1159 1324; x_wconf 92' lang='lat' dir='ltr'>ob·</span> 
     </span>
     <span class='ocr_line' id='line_1_10' title="bbox 174 1363 1159 1443; baseline -0.001 -16"><span class='ocrx_word' id='word_1_58' title='bbox 174 1364 277 1428; x_wconf 89' lang='lat' dir='ltr'>tinuit</span> <span class='ocrx_word' id='word_1_59' title='bbox 298 1365 335 1427; x_wconf 91' lang='lat' dir='ltr'>in</span> <span class='ocrx_word' id='word_1_60' title='bbox 356 1364 456 1443; x_wconf 89' lang='lat' dir='ltr'>Juda.</span> <span class='ocrx_word' id='word_1_61' title='bbox 492 1364 539 1428; x_wconf 92' lang='lat' dir='ltr'>Et</span> <span class='ocrx_word' id='word_1_62' title='bbox 572 1364 624 1427; x_wconf 93' lang='lat' dir='ltr'>sic</span> <span class='ocrx_word' id='word_1_63' title='bbox 656 1363 804 1427; x_wconf 83' lang='lat' dir='ltr'>licencia</span> <span class='ocrx_word' id='word_1_64' title='bbox 835 1384 1007 1428; x_wconf 90' lang='lat' dir='ltr'>concessa</span> <span class='ocrx_word' id='word_1_65' title='bbox 1039 1365 1159 1428; x_wconf 90' lang='lat' dir='ltr'>aDeo</span> 
     </span>
     <span class='ocr_line' id='line_1_11' title="bbox 142 1468 1159 1551; baseline 0.004 -23"><span class='ocrx_word' id='word_1_66' title='bbox 142 1469 318 1532; x_wconf 83' lang='lat' dir='ltr'>10sathane</span> <span class='ocrx_word' id='word_1_67' title='bbox 351 1469 395 1532; x_wconf 89' lang='lat' dir='ltr'>ad</span> <span class='ocrx_word' id='word_1_68' title='bbox 427 1469 669 1551; x_wconf 88' lang='lat' dir='ltr'>temptandum</span> <span class='ocrx_word' id='word_1_69' title='bbox 708 1469 892 1551; x_wconf 88' lang='lat' dir='ltr'>apostolos</span> <span class='ocrx_word' id='word_1_70' title='bbox 930 1479 1052 1551; x_wconf 86' lang='lat' dir='ltr'>preter</span> <span class='ocrx_word' id='word_1_71' title='bbox 1084 1468 1159 1532; x_wconf 88' lang='lat' dir='ltr'>eius</span> 
     </span>
     <span class='ocr_line' id='line_1_12' title="bbox 173 1572 1160 1656; baseline -0.001 -20"><span class='ocrx_word' id='word_1_72' title='bbox 173 1572 398 1656; x_wconf 90' lang='lat' dir='ltr'>propositum</span> <span class='ocrx_word' id='word_1_73' title='bbox 431 1573 523 1637; x_wconf 91' lang='lat' dir='ltr'>sicut</span> <span class='ocrx_word' id='word_1_74' title='bbox 558 1573 595 1636; x_wconf 91' lang='lat' dir='ltr'>in</span> <span class='ocrx_word' id='word_1_75' title='bbox 633 1575 739 1637; x_wconf 88' lang='lat' dir='ltr'>beato</span> <span class='ocrx_word' id='word_1_76' title='bbox 770 1573 840 1652; x_wconf 91' lang='lat' dir='ltr'>Job</span> <span class='ocrx_word' id='word_1_77' title='bbox 880 1573 989 1637; x_wconf 85' lang='lat' dir='ltr'>cessit</span> <span class='ocrx_word' id='word_1_78' title='bbox 1025 1574 1077 1636; x_wconf 91' lang='lat' dir='ltr'>eis</span> <span class='ocrx_word' id='word_1_79' title='bbox 1115 1573 1160 1635; x_wconf 92' lang='lat' dir='ltr'>ad</span> 
     </span>
     <span class='ocr_line' id='line_1_13' title="bbox 175 1677 1101 1756; baseline -0.002 -15"><span class='ocrx_word' id='word_1_80' title='bbox 175 1678 406 1756; x_wconf 91' lang='lat' dir='ltr'>commodum,</span> <span class='ocrx_word' id='word_1_81' title='bbox 430 1698 510 1741; x_wconf 89' lang='lat' dir='ltr'>cum</span> <span class='ocrx_word' id='word_1_82' title='bbox 534 1687 633 1742; x_wconf 87' lang='lat' dir='ltr'>erant</span> <span class='ocrx_word' id='word_1_83' title='bbox 657 1677 800 1740; x_wconf 91' lang='lat' dir='ltr'>cribrati</span> <span class='ocrx_word' id='word_1_84' title='bbox 822 1677 914 1741; x_wconf 90' lang='lat' dir='ltr'>sicut</span> <span class='ocrx_word' id='word_1_85' title='bbox 936 1677 1101 1741; x_wconf 88' lang='lat' dir='ltr'>triticum.</span> 
     </span>
     <span class='ocr_line' id='line_1_14' title="bbox 216 1781 1373 1866; baseline -0.001 -20"><span class='ocrx_word' id='word_1_86' title='bbox 216 1781 291 1846; x_wconf 87' lang='lat' dir='ltr'>Sed</span> <span class='ocrx_word' id='word_1_87' title='bbox 307 1784 476 1866; x_wconf 88' lang='lat' dir='ltr'>secundo,</span> <span class='ocrx_word' id='word_1_88' title='bbox 501 1792 540 1846; x_wconf 93' lang='lat' dir='ltr'>ut</span> <span class='ocrx_word' id='word_1_89' title='bbox 561 1791 759 1865; x_wconf 84' lang='lat' dir='ltr'>cognoscat</span> <span class='ocrx_word' id='word_1_90' title='bbox 782 1781 968 1845; x_wconf 88' lang='lat' dir='ltr'>ecclesiam</span> <span class='ocrx_word' id='word_1_91' title='bbox 991 1802 1063 1846; x_wconf 93' lang='lat' dir='ltr'>non</span> <span class='ocrx_word' id='word_1_92' title='bbox 1084 1802 1250 1852; x_wconf 57' lang='lat' dir='ltr'>asecle„</span> <span class='ocrx_word' id='word_1_93' title='bbox 1263 1813 1373 1862; x_wconf 59' lang='lat' dir='ltr'>‚mem</span> 
     </span>
     <span class='ocr_line' id='line_1_15' title="bbox 173 1859 1372 1973; baseline 0.007 -25"><span class='ocrx_word' id='word_1_94' title='bbox 173 1885 240 1949; x_wconf 93' lang='lat' dir='ltr'>hoc</span> <span class='ocrx_word' id='word_1_95' title='bbox 271 1887 418 1967; x_wconf 87' lang='lat' dir='ltr'>habere,</span> <span class='ocrx_word' id='word_1_96' title='bbox 450 1888 515 1951; x_wconf 90' lang='lat' dir='ltr'>sed</span> <span class='ocrx_word' id='word_1_97' title='bbox 547 1907 567 1950; x_wconf 89' lang='lat' dir='ltr'>a</span> <span class='ocrx_word' id='word_1_98' title='bbox 596 1887 668 1950; x_wconf 92' lang='lat' dir='ltr'>fide</span> <span class='ocrx_word' id='word_1_99' title='bbox 701 1896 737 1949; x_wconf 90' lang='lat' dir='ltr'>et</span> <span class='ocrx_word' id='word_1_100' title='bbox 767 1885 888 1969; x_wconf 80' lang='lat' dir='ltr'>gracia</span> <span class='ocrx_word' id='word_1_101' title='bbox 920 1886 1051 1950; x_wconf 91' lang='lat' dir='ltr'>domini</span> <span class='ocrx_word' id='word_1_102' title='bbox 1072 1886 1159 1965; x_wconf 89' lang='lat' dir='ltr'>Jesu</span> <span class='ocrx_word' id='word_1_103' title='bbox 1175 1859 1372 1973; x_wconf 44' lang='grc' dir='ltr'>’11οὲἶῖἓῖᾛοί</span> 
     </span>
     <span class='ocr_line' id='line_1_16' title="bbox 142 1963 1370 2073; baseline -0.001 -19"><span class='ocrx_word' id='word_1_104' title='bbox 142 1989 312 2067; x_wconf 83' lang='lat' dir='ltr'>15Cbristi,</span> <span class='ocrx_word' id='word_1_105' title='bbox 344 2003 384 2055; x_wconf 92' lang='lat' dir='ltr'>ut</span> <span class='ocrx_word' id='word_1_106' title='bbox 405 1992 464 2054; x_wconf 88' lang='lat' dir='ltr'>vel</span> <span class='ocrx_word' id='word_1_107' title='bbox 496 1991 547 2054; x_wconf 89' lang='lat' dir='ltr'>sic</span> <span class='ocrx_word' id='word_1_108' title='bbox 578 1990 785 2073; x_wconf 91' lang='lat' dir='ltr'>postposita</span> <span class='ocrx_word' id='word_1_109' title='bbox 808 1963 1370 2073; x_wconf 51' lang='lat' dir='ltr'>superbiacelebret&#39;iiiiii&#39;e&#39;iiiii1¹</span> 
     </span>
     <span class='ocr_line' id='line_1_17' title="bbox 175 2067 1348 2177; baseline 0 -20"><span class='ocrx_word' id='word_1_110' title='bbox 175 2094 248 2159; x_wconf 91' lang='lat' dir='ltr'>eius</span> <span class='ocrx_word' id='word_1_111' title='bbox 271 2095 420 2175; x_wconf 89' lang='lat' dir='ltr'>laudem,</span> <span class='ocrx_word' id='word_1_112' title='bbox 443 2094 560 2159; x_wconf 90' lang='lat' dir='ltr'>statim</span> <span class='ocrx_word' id='word_1_113' title='bbox 584 2092 781 2177; x_wconf 86' lang='lat' dir='ltr'>subiungit:</span> <span class='ocrx_word' id='word_1_114' title='bbox 805 2095 878 2177; x_wconf 80' lang='lat' dir='ltr'>Ego</span> <span class='ocrx_word' id='word_1_115' title='bbox 898 2101 1012 2159; x_wconf 85' lang='lat' dir='ltr'>autem</span> <span class='ocrx_word' id='word_1_116' title='bbox 1035 2095 1159 2176; x_wconf 81' lang='lat' dir='ltr'>rogavi</span> <span class='ocrx_word' id='word_1_117' title='bbox 1194 2069 1232 2112; x_wconf 69' lang='lat'>‘¹¹‘</span> <span class='ocrx_word' id='word_1_118' title='bbox 1247 2067 1348 2112; x_wconf 54' lang='lat' dir='ltr'><strong>emh·</strong></span> 
     </span>
     <span class='ocr_line' id='line_1_18' title="bbox 169 2199 1159 2283; baseline 0.001 -21"><span class='ocrx_word' id='word_1_119' title='bbox 169 2205 298 2280; x_wconf 80' lang='lat' dir='ltr'>prote,</span> <span class='ocrx_word' id='word_1_120' title='bbox 331 2205 456 2263; x_wconf 80' lang='lat' dir='ltr'>utnon</span> <span class='ocrx_word' id='word_1_121' title='bbox 483 2200 618 2280; x_wconf 70' lang='lat' dir='ltr'>deficiat</span> <span class='ocrx_word' id='word_1_122' title='bbox 636 2200 731 2280; x_wconf 85' lang='lat' dir='ltr'>fides</span> <span class='ocrx_word' id='word_1_123' title='bbox 757 2205 827 2282; x_wconf 79' lang='lat' dir='ltr'>tua,</span> <span class='ocrx_word' id='word_1_124' title='bbox 859 2199 895 2262; x_wconf 94' lang='lat' dir='ltr'>in</span> <span class='ocrx_word' id='word_1_125' title='bbox 923 2220 994 2283; x_wconf 93' lang='lat' dir='ltr'>quo</span> <span class='ocrx_word' id='word_1_126' title='bbox 1018 2199 1159 2263; x_wconf 89' lang='lat' dir='ltr'>videtur</span> 
     </span>
     <span class='ocr_line' id='line_1_19' title="bbox 173 2301 1157 2387; baseline 0.001 -21"><span class='ocrx_word' id='word_1_127' title='bbox 173 2302 319 2367; x_wconf 91' lang='lat' dir='ltr'>innuere</span> <span class='ocrx_word' id='word_1_128' title='bbox 338 2304 524 2386; x_wconf 89' lang='lat' dir='ltr'>primatum</span> <span class='ocrx_word' id='word_1_129' title='bbox 540 2301 639 2367; x_wconf 90' lang='lat' dir='ltr'>Petri</span> <span class='ocrx_word' id='word_1_130' title='bbox 661 2304 697 2367; x_wconf 95' lang='lat' dir='ltr'>in</span> <span class='ocrx_word' id='word_1_131' title='bbox 720 2305 790 2367; x_wconf 93' lang='lat' dir='ltr'>hoc</span> <span class='ocrx_word' id='word_1_132' title='bbox 813 2304 911 2387; x_wconf 93' lang='lat' dir='ltr'>quod</span> <span class='ocrx_word' id='word_1_133' title='bbox 933 2302 1076 2366; x_wconf 90' lang='lat' dir='ltr'>nomine</span> <span class='ocrx_word' id='word_1_134' title='bbox 1092 2322 1157 2367; x_wconf 93' lang='lat' dir='ltr'>suo</span> 
     </span>
     <span class='ocr_line' id='line_1_20' title="bbox 175 2406 1160 2492; baseline 0.002 -24"><span class='ocrx_word' id='word_1_135' title='bbox 175 2407 342 2489; x_wconf 85' lang='lat' dir='ltr'>exprimit</span> <span class='ocrx_word' id='word_1_136' title='bbox 382 2417 492 2471; x_wconf 90' lang='lat' dir='ltr'>totam</span> <span class='ocrx_word' id='word_1_137' title='bbox 531 2407 717 2470; x_wconf 90' lang='lat' dir='ltr'>ecclesiam</span> <span class='ocrx_word' id='word_1_138' title='bbox 756 2406 977 2492; x_wconf 80' lang='lat' dir='ltr'>militantem3</span> <span class='ocrx_word' id='word_1_139' title='bbox 1016 2427 1160 2490; x_wconf 86' lang='lat' dir='ltr'>semper</span> 
     </span>
     <span class='ocr_line' id='line_1_21' title="bbox 139 2510 1159 2593; baseline 0.005 -24"><span class='ocrx_word' id='word_1_140' title='bbox 139 2533 165 2568; x_wconf 84' lang='lat'>20</span> <span class='ocrx_word' id='word_1_141' title='bbox 174 2510 264 2574; x_wconf 90' lang='lat' dir='ltr'>enim</span> <span class='ocrx_word' id='word_1_142' title='bbox 287 2521 405 2575; x_wconf 89' lang='lat' dir='ltr'>manet</span> <span class='ocrx_word' id='word_1_143' title='bbox 426 2511 517 2574; x_wconf 89' lang='lat' dir='ltr'>fides</span> <span class='ocrx_word' id='word_1_144' title='bbox 541 2511 694 2575; x_wconf 90' lang='lat' dir='ltr'>ecclesie</span> <span class='ocrx_word' id='word_1_145' title='bbox 716 2510 752 2574; x_wconf 90' lang='lat' dir='ltr'>in</span> <span class='ocrx_word' id='word_1_146' title='bbox 777 2531 845 2574; x_wconf 89' lang='lat' dir='ltr'>una</span> <span class='ocrx_word' id='word_1_147' title='bbox 867 2530 1021 2593; x_wconf 88' lang='lat' dir='ltr'>persona</span> <span class='ocrx_word' id='word_1_148' title='bbox 1043 2513 1102 2575; x_wconf 87' lang='lat' dir='ltr'>vel</span> <span class='ocrx_word' id='word_1_149' title='bbox 1124 2510 1159 2574; x_wconf 92' lang='lat' dir='ltr'>in</span> 
     </span>
     <span class='ocr_line' id='line_1_22' title="bbox 174 2614 1160 2698; baseline 0 -20"><span class='ocrx_word' id='word_1_150' title='bbox 174 2615 247 2698; x_wconf 90' lang='lat' dir='ltr'>alia,</span> <span class='ocrx_word' id='word_1_151' title='bbox 280 2615 375 2679; x_wconf 91' lang='lat' dir='ltr'>sicut</span> <span class='ocrx_word' id='word_1_152' title='bbox 395 2614 432 2678; x_wconf 92' lang='lat' dir='ltr'>in</span> <span class='ocrx_word' id='word_1_153' title='bbox 459 2626 583 2680; x_wconf 87' lang='lat' dir='ltr'>sancto</span> <span class='ocrx_word' id='word_1_154' title='bbox 607 2617 767 2694; x_wconf 85' lang='lat' dir='ltr'>sabbato,</span> <span class='ocrx_word' id='word_1_155' title='bbox 800 2616 943 2698; x_wconf 89' lang='lat' dir='ltr'>quando</span> <span class='ocrx_word' id='word_1_156' title='bbox 968 2615 1100 2679; x_wconf 87' lang='lat' dir='ltr'>defecit</span> <span class='ocrx_word' id='word_1_157' title='bbox 1123 2616 1160 2678; x_wconf 92' lang='lat' dir='ltr'>in</span> 
     </span>
     <span class='ocr_line' id='line_1_23' title="bbox 172 2719 1158 2804; baseline -0.001 -20"><span class='ocrx_word' id='word_1_158' title='bbox 172 2720 292 2802; x_wconf 87' lang='lat' dir='ltr'>Petro,</span> <span class='ocrx_word' id='word_1_159' title='bbox 316 2728 458 2784; x_wconf 87' lang='lat' dir='ltr'>servata</span> <span class='ocrx_word' id='word_1_160' title='bbox 471 2721 588 2784; x_wconf 87' lang='lat' dir='ltr'>fuerat</span> <span class='ocrx_word' id='word_1_161' title='bbox 602 2720 638 2784; x_wconf 93' lang='lat' dir='ltr'>in</span> <span class='ocrx_word' id='word_1_162' title='bbox 654 2719 773 2786; x_wconf 90' lang='lat' dir='ltr'>Maria.</span> <span class='ocrx_word' id='word_1_163' title='bbox 798 2719 872 2783; x_wconf 91' lang='lat' dir='ltr'>Ista</span> <span class='ocrx_word' id='word_1_164' title='bbox 887 2719 996 2802; x_wconf 86' lang='lat' dir='ltr'>igitur</span> <span class='ocrx_word' id='word_1_165' title='bbox 1010 2720 1158 2804; x_wconf 82' lang='lat' dir='ltr'>negacio</span> 
     </span>
     <span class='ocr_line' id='line_1_24' title="bbox 174 2822 1159 2907; baseline -0.001 -19"><span class='ocrx_word' id='word_1_166' title='bbox 174 2827 374 2903; x_wconf 91' lang='lat' dir='ltr'>accomoda,</span> <span class='ocrx_word' id='word_1_167' title='bbox 397 2825 583 2888; x_wconf 88' lang='lat' dir='ltr'>verificans</span> <span class='ocrx_word' id='word_1_168' title='bbox 607 2825 738 2888; x_wconf 91' lang='lat' dir='ltr'>dictum</span> <span class='ocrx_word' id='word_1_169' title='bbox 762 2822 900 2906; x_wconf 88' lang='lat' dir='ltr'>Christi,</span> <span class='ocrx_word' id='word_1_170' title='bbox 927 2826 1035 2888; x_wconf 87' lang='lat' dir='ltr'>docet</span> <span class='ocrx_word' id='word_1_171' title='bbox 1063 2825 1159 2907; x_wconf 94' lang='lat' dir='ltr'>quod</span> 
     </span>
     <span class='ocr_line' id='line_1_25' title="bbox 174 2928 1160 3012; baseline 0.001 -20"><span class='ocrx_word' id='word_1_172' title='bbox 174 2930 311 2993; x_wconf 91' lang='lat' dir='ltr'>nomine</span> <span class='ocrx_word' id='word_1_173' title='bbox 324 2949 390 2992; x_wconf 92' lang='lat' dir='ltr'>suo</span> <span class='ocrx_word' id='word_1_174' title='bbox 401 2938 578 3012; x_wconf 88' lang='lat' dir='ltr'>tamquam</span> <span class='ocrx_word' id='word_1_175' title='bbox 590 2929 764 3011; x_wconf 88' lang='lat' dir='ltr'>capitanei</span> <span class='ocrx_word' id='word_1_176' title='bbox 775 2929 956 3011; x_wconf 87' lang='lat' dir='ltr'>expressit</span> <span class='ocrx_word' id='word_1_177' title='bbox 966 2928 1160 2993; x_wconf 88' lang='lat' dir='ltr'>ecclesiam.</span> 
     </span>
     <span class='ocr_line' id='line_1_26' title="bbox 137 3031 1159 3117; baseline 0.007 -26"><span class='ocrx_word' id='word_1_178' title='bbox 137 3040 163 3091; x_wconf 83' lang='lat'>25</span> <span class='ocrx_word' id='word_1_179' title='bbox 173 3031 245 3098; x_wconf 88' lang='lat' dir='ltr'>Sed</span> <span class='ocrx_word' id='word_1_180' title='bbox 259 3033 371 3097; x_wconf 91' lang='lat' dir='ltr'>tercio</span> <span class='ocrx_word' id='word_1_181' title='bbox 396 3036 450 3116; x_wconf 92' lang='lat' dir='ltr'>(ut</span> <span class='ocrx_word' id='word_1_182' title='bbox 465 3033 616 3117; x_wconf 89' lang='lat' dir='ltr'>exposui</span> <span class='ocrx_word' id='word_1_183' title='bbox 633 3035 667 3097; x_wconf 92' lang='lat' dir='ltr'>in</span> <span class='ocrx_word' id='word_1_184' title='bbox 684 3033 839 3117; x_wconf 90' lang='lat' dir='ltr'>capitulo</span> <span class='ocrx_word' id='word_1_185' title='bbox 853 3034 887 3098; x_wconf 93' lang='lat' dir='ltr'>V</span> <span class='ocrx_word' id='word_1_186' title='bbox 901 3034 1018 3115; x_wconf 87' lang='lat' dir='ltr'>huius)</span> <span class='ocrx_word' id='word_1_187' title='bbox 1033 3034 1159 3098; x_wconf 89' lang='lat' dir='ltr'>limitat</span> 
     </span>
     <span class='ocr_line' id='line_1_27' title="bbox 172 3137 1158 3219; baseline 0.003 -19"><span class='ocrx_word' id='word_1_188' title='bbox 172 3137 327 3219; x_wconf 91' lang='lat' dir='ltr'>prelacie</span> <span class='ocrx_word' id='word_1_189' title='bbox 350 3139 514 3218; x_wconf 88' lang='lat' dir='ltr'>officium,</span> <span class='ocrx_word' id='word_1_190' title='bbox 539 3159 617 3202; x_wconf 88' lang='lat' dir='ltr'>cum</span> <span class='ocrx_word' id='word_1_191' title='bbox 641 3138 831 3203; x_wconf 86' lang='lat' dir='ltr'>subinfert:</span> <span class='ocrx_word' id='word_1_192' title='bbox 855 3139 897 3202; x_wconf 80' lang='lat' dir='ltr'>Et</span> <span class='ocrx_word' id='word_1_193' title='bbox 919 3145 956 3202; x_wconf 84' lang='lat' dir='ltr'>tu</span> <span class='ocrx_word' id='word_1_194' title='bbox 972 3141 1158 3219; x_wconf 83' lang='lat' dir='ltr'>aliquando</span> 
     </span>
     <span class='ocr_line' id='line_1_28' title="bbox 172 3243 1158 3326; baseline 0.001 -21"><span class='ocrx_word' id='word_1_195' title='bbox 172 3261 352 3307; x_wconf 86' lang='lat' dir='ltr'>conversus</span> <span class='ocrx_word' id='word_1_196' title='bbox 388 3244 559 3324; x_wconf 87' lang='lat' dir='ltr'>confirma</span> <span class='ocrx_word' id='word_1_197' title='bbox 587 3244 725 3324; x_wconf 81' lang='lat' dir='ltr'>fratres</span> <span class='ocrx_word' id='word_1_198' title='bbox 755 3251 840 3324; x_wconf 83' lang='lat' dir='ltr'>tuos,</span> <span class='ocrx_word' id='word_1_199' title='bbox 875 3243 971 3326; x_wconf 92' lang='lat' dir='ltr'>quod</span> <span class='ocrx_word' id='word_1_200' title='bbox 1002 3243 1158 3307; x_wconf 89' lang='lat' dir='ltr'>officium</span> 
     </span>
     <span class='ocr_line' id='line_1_29' title="bbox 173 3347 1158 3432; baseline 0 -22"><span class='ocrx_word' id='word_1_201' title='bbox 173 3355 257 3429; x_wconf 89' lang='lat' dir='ltr'>post</span> <span class='ocrx_word' id='word_1_202' title='bbox 272 3349 355 3427; x_wconf 86' lang='lat' dir='ltr'>Joh.</span> <span class='ocrx_word' id='word_1_203' title='bbox 380 3347 484 3428; x_wconf 89' lang='lat' dir='ltr'>XXI,</span> <span class='ocrx_word' id='word_1_204' title='bbox 513 3369 547 3430; x_wconf 80' lang='lat'>¹7</span> <span class='ocrx_word' id='word_1_205' title='bbox 574 3349 724 3431; x_wconf 88' lang='lat' dir='ltr'>exponit</span> <span class='ocrx_word' id='word_1_206' title='bbox 747 3348 964 3432; x_wconf 88' lang='lat' dir='ltr'>expressius,</span> <span class='ocrx_word' id='word_1_207' title='bbox 989 3367 1067 3410; x_wconf 88' lang='lat' dir='ltr'>curn</span> <span class='ocrx_word' id='word_1_208' title='bbox 1091 3347 1158 3411; x_wconf 93' lang='lat' dir='ltr'>sibi</span> 
     </span>
     <span class='ocr_line' id='line_1_30' title="bbox 173 3451 1158 3535; baseline 0.003 -22"><span class='ocrx_word' id='word_1_209' title='bbox 173 3451 396 3534; x_wconf 85' lang='lat' dir='ltr'>singulariter</span> <span class='ocrx_word' id='word_1_210' title='bbox 423 3452 575 3535; x_wconf 81' lang='lat' dir='ltr'>iniungit</span> <span class='ocrx_word' id='word_1_211' title='bbox 600 3453 714 3517; x_wconf 90' lang='lat' dir='ltr'>tribus</span> <span class='ocrx_word' id='word_1_212' title='bbox 742 3452 880 3516; x_wconf 90' lang='lat' dir='ltr'>vicibus</span> <span class='ocrx_word' id='word_1_213' title='bbox 907 3471 1051 3534; x_wconf 81' lang='lat' dir='ltr'>pascere</span> <span class='ocrx_word' id='word_1_214' title='bbox 1081 3471 1158 3516; x_wconf 88' lang='lat' dir='ltr'>oves</span> 
     </span>
     <span class='ocr_line' id='line_1_31' title="bbox 136 3556 1158 3639; baseline 0 -20"><span class='ocrx_word' id='word_1_215' title='bbox 136 3561 272 3633; x_wconf 74' lang='lat' dir='ltr'>iosuas;</span> <span class='ocrx_word' id='word_1_216' title='bbox 294 3557 388 3620; x_wconf 89' lang='lat' dir='ltr'>unde</span> <span class='ocrx_word' id='word_1_217' title='bbox 410 3558 489 3636; x_wconf 90' lang='lat' dir='ltr'>Joh.</span> <span class='ocrx_word' id='word_1_218' title='bbox 514 3556 601 3635; x_wconf 85' lang='lat' dir='ltr'>XX,</span> <span class='ocrx_word' id='word_1_219' title='bbox 630 3579 709 3637; x_wconf 85' lang='lat'>1-9</span> <span class='ocrx_word' id='word_1_220' title='bbox 734 3557 861 3621; x_wconf 88' lang='lat' dir='ltr'>dicitur</span> <span class='ocrx_word' id='word_1_221' title='bbox 884 3559 981 3639; x_wconf 94' lang='lat' dir='ltr'>quod</span> <span class='ocrx_word' id='word_1_222' title='bbox 1003 3556 1158 3639; x_wconf 90' lang='lat' dir='ltr'>apostoli</span> 
     </span>
     <span class='ocr_line' id='line_1_32' title="bbox 175 3660 1158 3744; baseline -0.001 -21"><span class='ocrx_word' id='word_1_223' title='bbox 175 3660 294 3724; x_wconf 86' lang='lat' dir='ltr'>audito</span> <span class='ocrx_word' id='word_1_224' title='bbox 318 3681 339 3724; x_wconf 91' lang='lat' dir='ltr'>a</span> <span class='ocrx_word' id='word_1_225' title='bbox 354 3661 565 3744; x_wconf 82' lang='lat' dir='ltr'>Magdalena</span> <span class='ocrx_word' id='word_1_226' title='bbox 580 3664 755 3726; x_wconf 81' lang='lat' dir='ltr'>sublatum</span> <span class='ocrx_word' id='word_1_227' title='bbox 779 3681 850 3726; x_wconf 82' lang='lat' dir='ltr'>esse</span> <span class='ocrx_word' id='word_1_228' title='bbox 874 3679 1000 3744; x_wconf 82' lang='lat' dir='ltr'>corpus</span> <span class='ocrx_word' id='word_1_229' title='bbox 1014 3661 1158 3724; x_wconf 82' lang='lat' dir='ltr'>Domini</span> 
     </span>
     <span class='ocr_line' id='line_1_33' title="bbox 172 3763 1158 3849; baseline 0 -22"><span class='ocrx_word' id='word_1_230' title='bbox 172 3763 300 3828; x_wconf 90' lang='lat' dir='ltr'>Petrus</span> <span class='ocrx_word' id='word_1_231' title='bbox 318 3774 354 3829; x_wconf 92' lang='lat' dir='ltr'>et</span> <span class='ocrx_word' id='word_1_232' title='bbox 368 3765 559 3848; x_wconf 90' lang='lat' dir='ltr'>Johannes,</span> <span class='ocrx_word' id='word_1_233' title='bbox 581 3765 616 3829; x_wconf 92' lang='lat' dir='ltr'>in</span> <span class='ocrx_word' id='word_1_234' title='bbox 633 3767 762 3849; x_wconf 90' lang='lat' dir='ltr'>quibus</span> <span class='ocrx_word' id='word_1_235' title='bbox 783 3766 874 3829; x_wconf 89' lang='lat' dir='ltr'>fides</span> <span class='ocrx_word' id='word_1_236' title='bbox 897 3764 1078 3828; x_wconf 90' lang='lat' dir='ltr'>remissius</span> <span class='ocrx_word' id='word_1_237' title='bbox 1101 3773 1158 3827; x_wconf 92' lang='lat' dir='ltr'>est</span> 
     </span>
    </p>
   </div>
   <div class='ocr_carea' id='block_1_3' title="bbox 173 3867 1157 3953">
    <p class='ocr_par' dir='ltr' id='par_1_3' title="bbox 173 3867 1157 3953">
     <span class='ocr_line' id='line_1_34' title="bbox 173 3867 1157 3953; baseline 0 -23"><span class='ocrx_word' id='word_1_238' title='bbox 173 3867 337 3948; x_wconf 83' lang='lat' dir='ltr'>extincta,</span> <span class='ocrx_word' id='word_1_239' title='bbox 365 3880 605 3950; x_wconf 88' lang='lat' dir='ltr'>cucurrerunt,</span> <span class='ocrx_word' id='word_1_240' title='bbox 636 3880 674 3934; x_wconf 92' lang='lat' dir='ltr'>ut</span> <span class='ocrx_word' id='word_1_241' title='bbox 695 3872 869 3934; x_wconf 90' lang='lat' dir='ltr'>haberent</span> <span class='ocrx_word' id='word_1_242' title='bbox 892 3867 1157 3953; x_wconf 89' lang='lat' dir='ltr'>experienciam</span> 
     </span>
    </p>
   </div>
   <div class='ocr_carea' id='block_1_4' title="bbox 174 4177 1155 4362">
    <p class='ocr_par' dir='ltr' id='par_1_4' title="bbox 174 4177 1155 4362">
     <span class='ocr_line' id='line_1_35' title="bbox 225 4177 1155 4234; baseline -0.001 -12"><span class='ocrx_word' id='word_1_243' title='bbox 225 4177 246 4222; x_wconf 79' lang='lat'>5.</span> <span class='ocrx_word' id='word_1_244' title='bbox 270 4177 300 4222; x_wconf 84' lang='lat' dir='ltr'>B:</span> <span class='ocrx_word' id='word_1_245' title='bbox 320 4178 485 4234; x_wconf 75' lang='lat' dir='ltr'>perplexitate.</span> <span class='ocrx_word' id='word_1_246' title='bbox 577 4190 614 4230; x_wconf 86' lang='lat'>20,</span> <span class='ocrx_word' id='word_1_247' title='bbox 640 4190 674 4222; x_wconf 70' lang='grc' dir='ltr'>αι.</span> <span class='ocrx_word' id='word_1_248' title='bbox 698 4179 731 4221; x_wconf 73' lang='lat' dir='ltr'>A:</span> <span class='ocrx_word' id='word_1_249' title='bbox 755 4178 792 4222; x_wconf 84' lang='lat' dir='ltr'>vel</span> <span class='ocrx_word' id='word_1_250' title='bbox 812 4178 868 4221; x_wconf 81' lang='lat' dir='ltr'>alia.</span> <span class='ocrx_word' id='word_1_251' title='bbox 959 4190 993 4222; x_wconf 71' lang='grc' dir='ltr'>ιι,</span> <span class='ocrx_word' id='word_1_252' title='bbox 1017 4179 1047 4223; x_wconf 83' lang='grc' dir='ltr'>Β;</span> <span class='ocrx_word' id='word_1_253' title='bbox 1070 4178 1155 4234; x_wconf 79' lang='lat' dir='ltr'>deficit.</span> 
     </span>
     <span class='ocr_line' id='line_1_36' title="bbox 174 4245 1154 4303; baseline -0.001 -12"><span class='ocrx_word' id='word_1_254' title='bbox 174 4258 211 4300; x_wconf 69' lang='grc' dir='ltr'>υ,</span> <span class='ocrx_word' id='word_1_255' title='bbox 235 4245 273 4291; x_wconf 82' lang='lat'>2³.</span> <span class='ocrx_word' id='word_1_256' title='bbox 297 4247 385 4292; x_wconf 54' lang='lat' dir='ltr'>(lodda</span> <span class='ocrx_word' id='word_1_257' title='bbox 409 4247 508 4303; x_wconf 77' lang='lat' dir='ltr'>negatio</span> <span class='ocrx_word' id='word_1_258' title='bbox 530 4247 657 4290; x_wconf 80' lang='lat' dir='ltr'>accomoda</span> <span class='ocrx_word' id='word_1_259' title='bbox 678 4247 771 4290; x_wconf 80' lang='lat' dir='ltr'>utenda</span> <span class='ocrx_word' id='word_1_260' title='bbox 794 4247 853 4300; x_wconf 81' lang='lat' dir='ltr'>(sic).</span> <span class='ocrx_word' id='word_1_261' title='bbox 918 4247 956 4292; x_wconf 84' lang='lat'>26.</span> <span class='ocrx_word' id='word_1_262' title='bbox 982 4247 1010 4290; x_wconf 85' lang='lat' dir='ltr'>B:</span> <span class='ocrx_word' id='word_1_263' title='bbox 1035 4252 1059 4290; x_wconf 82' lang='lat' dir='ltr'>tu</span> <span class='ocrx_word' id='word_1_264' title='bbox 1083 4246 1154 4290; x_wconf 86' lang='lat' dir='ltr'>deest.</span> 
     </span>
     <span class='ocr_line' id='line_1_37' title="bbox 174 4315 444 4362; baseline -0.007 0"><span class='ocrx_word' id='word_1_265' title='bbox 174 4317 210 4362; x_wconf 81' lang='lat'>28.</span> <span class='ocrx_word' id='word_1_266' title='bbox 226 4316 314 4361; x_wconf 79' lang='lat' dir='ltr'>codd:</span> <span class='ocrx_word' id='word_1_267' title='bbox 329 4315 382 4361; x_wconf 76' lang='lat' dir='ltr'>Joh.</span> <span class='ocrx_word' id='word_1_268' title='bbox 397 4317 444 4360; x_wconf 82' lang='lat' dir='ltr'>XX.</span> 
     </span>
    </p>
   </div>
   <div class='ocr_carea' id='block_1_5' title="bbox 0 0 1508 5026">
    <p class='ocr_par' dir='ltr' id='par_1_5' title="bbox 0 0 1508 5026">
     <span class='ocr_line' id='line_1_38' title="bbox 0 0 1508 5026; baseline 0 0"><span class='ocrx_word' id='word_1_269' title='bbox 0 0 1508 5026; x_wconf 95' lang='lat' dir='ltr'> </span> 
     </span>
    </p>
   </div>
  </div>
 </body>
</html>
