3008 5026
154 402 221 448 cnr.
237 389 310 470 vm]
453 405 498 455 nn
517 402 730 456 Perusinia
748 406 847 456 pnes.

148 564 312 626 nenando
344 560 456 643 magis
480 560 614 624 diutine
644 561 907 644 dampnificavit
934 562 1137 641 ecclesiam,

150 675 188 729 et
209 666 334 729 iterum
359 666 475 728 clerus
499 684 546 727 ex
570 664 720 729 avaricia
742 665 844 729 nimis
876 667 1140 749 dampnificavit

149 770 339 852 imperium,
378 778 414 832 et
452 770 548 851 quod
586 772 667 852 plus
700 779 756 834 est
787 770 887 834 dedit
918 772 1140 854 principibus

149 874 389 958 perniciosum
422 875 624 956 exemplum
659 877 704 938 de
737 875 831 938 omni
859 896 992 961 genere
1016 896 1140 959 pecca·

57 976 122 1026 ²03¹
150 988 275 1061 torum,
300 988 337 1041 et
359 981 454 1062 quod
479 987 535 1042 est
555 979 559 1064 Ι
579 978 867 1060 infidelissimum,
892 981 1069 1045 obmutuit
1090 981 1139 1044 in·

149 1092 326 1147 crassatus
355 1083 535 1165 corripere
558 1085 616 1147 vel
645 1084 785 1149 docere.
823 1083 912 1147 Nam
936 1093 1019 1148 ante
1044 1085 1140 1148 dota-

149 1186 287 1250 cionem
310 1188 449 1265 Petrus,
474 1187 647 1265 Clemens,
674 1188 864 1252 Marcellus
888 1197 924 1251 et
947 1189 1004 1252 alii
1028 1188 1141 1252 sancti

148 1290 303 1353 Romani
343 1290 506 1374 episcopi
545 1312 657 1374 usque
680 1293 725 1354 ad
760 1301 908 1355 mortem
938 1293 1143 1356 dilexerunt

150 1415 307 1460 cesarem
331 1404 368 1459 et
385 1395 461 1459 eius
477 1398 649 1479 populum
666 1398 830 1459 docendo
848 1404 884 1459 et
904 1396 1139 1480 corripiendo.

108 1499 222 1567 roSed
246 1509 435 1583 postquam
453 1501 565 1564 dotati
587 1509 679 1583 sunt,
702 1502 958 1564 laboraverunt
972 1501 1141 1564 vecordia
1152 1479 1357 1588 mfiedi'fflffi‘g,

149 1613 254 1686 atque
286 1604 479 1686 blasfemia,
511 1605 679 1669 vecordia
712 1605 868 1668 timendo
902 1605 1020 1669 dicere
1046 1605 1140 1688 prin·
1150 1583 1357 1692 dussyhffskffssigffinfl

149 1708 289 1790 cipibus
322 1717 359 1772 et
385 1710 530 1792 populis
559 1730 622 1774 sua
649 1709 751 1792 vicia,
784 1709 868 1793 quin
896 1710 1023 1795 pocius
1047 1712 1140 1774 lacte
1172 1688 1217 1732 ⁸¹¹⁶
1234 1690 1335 1743 “⁹⁸⁰⁰‘'

148 1813 364 1877 adulacionis
407 1815 654 1878 mollificarunt
695 1823 732 1878 et
774 1815 1015 1879 dissolverunt
1055 1834 1140 1879 suos

148 1917 321 1996 dominos,
343 1928 381 1981 ut
398 1920 514 1982 dando
532 1918 599 1984 illis
616 1919 825 2001 temporalia
842 1926 966 1982 contra
981 1920 1140 2004 regulam

109 2021 278 2088 richristi
312 2023 564 2106 dampnificent
595 2043 635 2086 se
659 2032 697 2087 et
718 2024 808 2090 illos.
845 2023 893 2087 Et
921 2023 1033 2087 tercio
1059 2043 1140 2107 pro·

148 2135 316 2209 rumpunt
338 2127 373 2189 in
397 2126 549 2192 maiores
571 2128 730 2211 ingratas
745 2128 956 2209 blasfemias,
979 2128 1141 2191 dicentes

149 2232 243 2312 quod
275 2252 346 2295 non
377 2233 579 2295 habuerunt
604 2233 824 2297 dotacionem
847 2233 941 2296 illam
966 2252 986 2295 a
1009 2252 1142 2312 cesare,

150 2336 214 2398 sed
229 2337 305 2399 iure
323 2336 562 2400 successionis
579 2335 708 2401 Christi
726 2345 762 2400 et
784 2337 894 2417 Petri,
919 2336 978 2420 qui
998 2335 1142 2399 fuerunt

150 2460 283 2503 summe
306 2440 424 2504 taliter
448 2440 624 2505 dominati.
648 2441 736 2504 Ideo
761 2462 832 2505 non
857 2442 964 2505 docet
980 2460 1045 2504 eos
1061 2439 1141 2504 visi·

106 2573 139 2608 20
149 2553 223 2606 tare
247 2543 429 2628 principes
457 2553 494 2608 et
517 2545 569 2609 eis
592 2545 765 2629 impertiri
792 2545 924 2628 aliquid
949 2543 1142 2628 spiritualis

150 2648 322 2731 doctrine,
351 2651 415 2712 sed
442 2649 601 2713 residere
625 2650 841 2734 ubicumque
864 2650 1053 2730 voluerint,
1080 2648 1140 2713 im·

150 2763 406 2837 peratoresque
435 2762 472 2816 et
499 2774 607 2838 reges
635 2756 811 2819 advocare
840 2763 878 2819 et
902 2754 1142 2819 abiectissima

150 2861 325 2922 mundana
356 2858 506 2922 servicia
535 2858 768 2942 imperialiter
801 2861 846 2922 ab
881 2859 931 2924 eis
967 2859 1141 2942 recipere.

150 2963 232 3027 Non
257 2963 307 3026 sic
331 2963 416 3026 fecit
431 2963 571 3044 Petrus,
593 2964 676 3027 ideo
700 2963 846 3027 indubie
868 2963 1028 3027 dissonat
1043 2964 1142 3028 scole

107 3080 138 3130 25
152 3067 290 3142 Christi,
316 3088 394 3131 cum
417 3076 499 3151 post
514 3067 849 3152 multiplicaeionem
866 3069 1041 3131 donorum
1058 3075 1142 3130 tem·

151 3172 322 3255 poralium
339 3180 546 3255 satagerent
560 3172 739 3236 visitando
756 3176 959 3252 donatores,
977 3172 1141 3235 humilius

149 3277 338 3340 refundere
361 3277 515 3361 pociora.
539 3277 612 3343 Sed
635 3278 714 3361 quis
730 3286 800 3341 tam
822 3277 984 3361 ingratus
1001 3276 1142 3340 Christo

151 3382 270 3444 abbati
303 3402 374 3445 non
409 3381 504 3445 foret
548 3381 709 3466 ingratus
758 3381 944 3464 proximo?
983 3380 1143 3444 Christus

152 3487 242 3549 enim
275 3489 322 3550 ob
355 3507 510 3550 amorem
543 3486 656 3550 nostri
680 3486 779 3550 venit
811 3506 945 3550 summe
977 3485 1082 3567 inops
1107 3492 1144 3547 et

108 3603 141 3653 30
153 3611 298 3674 egenus,
323 3600 361 3654 ut
376 3591 504 3655 dicitur
519 3590 565 3654 II.
577 3591 655 3655 Cor.
671 3590 760 3653 VIII
777 3591 822 3653 ad
836 3591 953 3666 finem,
969 3598 1006 3652 et
1022 3598 1061 3651 ut
1076 3608 1143 3653 nos

152 3696 270 3759 clerici
282 3704 318 3760 et
334 3696 536 3780 specialiter
546 3695 645 3759 Petri
660 3694 781 3758 vicarii
793 3695 952 3759 vivamus
976 3694 1143 3759 similiter.

194 3800 351 3864 Econtra
387 3809 505 3864 autem
550 3820 616 3863 nos
657 3819 722 3882 pro
765 3799 1063 3862 excusacionibus
1108 3797 1144 3861 in

152 3906 311 3988 peccatis
342 3904 507 3987 fingimus
536 3906 581 3967 de
609 3924 653 3967 eo
681 3904 891 3966 blasfemum
923 3903 1144 3967 mendacium

204 4144 227 4190 6.
247 4146 288 4189 ΑΒ
309 4146 332 4189 in
355 4157 442 4197 marn:
464 4145 651 4189 Pridicaveruni
670 4156 774 4201 episcopi
794 4143 893 4187 Romam
913 4148 969 4186 anie
989 4143 1144 4187 dotationem.

155 4227 188 4259 12.
211 4217 252 4258 ΑΒ
276 4215 299 4258 in
324 4226 410 4269 marga
436 4215 536 4259 Dolocio
564 4215 714 4271 imperatorie
739 4214 836 4258 deduxit
863 4218 885 4256 et
908 4214 1027 4268 multiplex
1050 4214 1143 4256 maium.

154 4297 190 4337 2⁴-
210 4284 306 4335 Petrum
326 4284 408 4328 codd:
427 4284 453 4327 P.
508 4296 544 4340 ²7-
564 4285 653 4328 toda:
671 4284 766 4328 Ctririi.
820 4281 858 4327 30.
871 4282 946 4338 finem
965 4281 1018 4334 XV;
1040 4282 1143 4325 Rectius:

158 4353 212 4402 Vlii.
227 4366 256 4410 9,·
270 4353 313 4397 XV
325 4371 348 4392 =
365 4357 390 4398 15
406 4355 574 4399 videturesse:
589 4361 619 4398 ei,
