3008 5026
128 1283 178 1328 The
194 1298 254 1340 pope
268 1298 295 1329 or

114 1348 158 1390 luy
172 1339 239 1380 other
254 1338 308 1380 who

134 1389 229 1432 hiudcru
244 1389 289 1434 this

152 1441 228 1484 action
244 1442 263 1483 is

142 1493 278 1537 herichus-r.

147 2520 268 2562 hrcursed

133 2583 199 2614 error
214 2573 235 2614 in
251 2573 288 2616 llic

172 2623 250 2667 (iloss.

650 385 821 436 Jounuuls
841 384 981 434 WYCLIF
1165 366 1252 448 [cnr.
1270 378 1320 422 xu.

326 544 444 625 cipere
474 543 668 606 secundum
697 544 798 624 leges
828 540 961 605 ordinis
994 539 1172 604 naturalis.
1211 539 1319 603 Unde

326 657 493 731 quantum
517 649 561 709 ad
584 648 659 712 illas
684 645 811 730 viginti
838 647 928 710 duas
956 645 1187 708 condiciones
1209 644 1319 730 regis,

325 773 448 816 omnes
476 761 602 815 sonant
630 751 799 835 implicite
829 752 926 833 quod
953 769 1020 812 rex
1056 749 1168 812 debet
1194 748 1240 811 ad
1263 768 1317 811 re·

325 857 443 938 gimen
473 856 557 919 cleri
584 855 639 920 sui
662 856 774 938 magis
797 855 998 925 attendere;
1026 861 1111 917 tunc
1140 851 1234 916 enim
1259 854 1317 914 de·

324 959 438 1023 fendit
454 960 650 1035 eeclesiam,
667 981 826 1042 regnum,
838 959 962 1023 viduas
974 966 1011 1022 et
1025 957 1192 1042 pupillos.
1209 956 1341 1039 Quods

324 1065 353 1126 si
371 1066 505 1127 exaltat
521 1074 557 1128 et
574 1064 673 1127 fovet
688 1064 856 1147 indignos
873 1062 1075 1146 episcopos,
1089 1062 1316 1126 heresiarcha

326 1179 362 1232 et
385 1176 488 1231 autor
512 1169 566 1231 sui
589 1168 757 1231 facinoris
781 1177 837 1231 est
860 1168 1069 1230 censendus.

369 1272 537 1338 Secundo
569 1282 671 1355 patet
705 1273 802 1355 quod
831 1272 908 1337 sive
937 1272 1121 1335 Romanus
1149 1269 1315 1353 pontifex

325 1377 402 1440 sive
424 1377 636 1460 quicumque
656 1376 745 1440 alius
767 1396 814 1439 ex
835 1376 1083 1460 presumcione
1105 1373 1315 1438 infundabili

325 1480 526 1565 impedierit
547 1482 616 1544 hoc
640 1501 779 1544 sacrum
802 1480 900 1565 regis
923 1479 1089 1556 officium,
1112 1481 1222 1544 habet
1242 1479 1246 1561 ξ
1265 1499 1314 1540 ra·
1342 1495 1394 1545 25³·

325 1585 463 1649 cionem
486 1585 634 1649 heretici
658 1596 694 1650 et
717 1584 864 1669 pessimi
886 1584 1107 1649 Antichristi.
1140 1584 1247 1647 Patet
1269 1603 1315 1646 ex

324 1692 392 1753 hoc
417 1692 515 1772 quod
538 1691 618 1754 talis
643 1700 698 1754 est
723 1690 883 1772 capitalis
906 1690 942 1752 in
964 1689 1083 1754 heresi
1106 1688 1185 1752 talis
1208 1688 1314 1771 regiS,

324 1814 403 1857 nam
426 1815 494 1857 nec
517 1795 646 1859 Petrus
670 1815 736 1858 nec
760 1796 891 1858 Paulus
919 1814 987 1856 nec
1016 1793 1127 1857 eciam
1151 1792 1315 1855 dominus

324 1898 449 1962 ihesus
479 1898 639 1963 Christus
671 1901 779 1961 habet
811 1906 1029 1981 potestatem
1056 1898 1101 1960 ad
1134 1896 1314 1978 dampnifi-

325 2002 484 2080 candum‚
517 2004 581 2065 sed
613 2002 867 2067 meliorandum
901 2002 1100 2079 ecclesiam;
1132 2000 1213 2063 ideo
1246 2001 1353 2067 hoen

325 2116 501 2188 temptans
541 2118 663 2171 contra
699 2128 818 2192 reges,
858 2107 918 2190 qui
957 2117 1040 2169 sunt
1075 2106 1146 2168 Dei
1184 2103 1315 2180 vicarii,

325 2221 478 2292 temptat
509 2211 682 2294 sacrilege
716 2220 842 2274 contra
869 2221 1025 2275 sanctam
1059 2208 1247 2273 ecclesiam
1280 2218 1316 2270 et

324 2336 390 2397 per
419 2336 644 2399 consequens
674 2326 797 2378 contra
820 2315 950 2393 Deum3
979 2315 1089 2378 eciam
1116 2313 1169 2377 sic
1193 2321 1317 2396 potest

324 2418 466 2484 sinistre
489 2420 641 2502 intelligi
665 2421 850 2484 maledicta
872 2421 995 2505 glossa
1011 2417 1188 2482 ordinaria
1206 2437 1316 2497 super

324 2523 438 2585 XXV
449 2525 637 2606 questione
653 2523 739 2587 Sunt
754 2526 908 2605 quidam,
930 2523 991 2586 ubi
1007 2523 1092 2586 dicit
1108 2523 1206 2606 quod
1221 2541 1316 2604 papa
1328 2553 1357 2586 20

323 2629 433 2690 habet
452 2638 669 2711 potestatem
680 2630 808 2691 nedum
832 2627 1062 2711 dispensandi
1077 2635 1200 2689 contra
1216 2626 1316 2707 Apo·

325 2733 453 2795 stolum
486 2735 550 2796 sed
583 2734 693 2796 eciam
718 2742 841 2796 contra
864 2731 1051 2809 Christum,
1084 2739 1121 2793 et
1152 2739 1238 2793 tunc
1266 2728 1316 2791 in-

324 2835 431 2898 dubie
464 2845 518 2900 est
542 2838 682 2901 Christo
717 2837 911 2900 contrarius
936 2846 972 2899 et
1006 2836 1185 2920 pessimus
1214 2832 1315 2896 Anti·

324 2940 486 3006 christus.
511 2942 592 3005 Non
610 2943 702 3005 enim
725 2941 811 3024 fingi
832 2951 953 3023 potest
968 2941 1148 3023 quomodo
1165 2940 1317 3001 haberet

324 3045 438 3108 aDeo
462 3047 664 3128 potenciam
689 3047 733 3108 ad
752 3045 949 3109 tollendum
969 3046 1029 3107 vel
1048 3044 1314 3127 impediendum
1327 3059 1356 3109 25

323 3159 538 3231 potestatem
570 3171 705 3235 regum,
739 3171 807 3232 qua
835 3150 1058 3213 edificaretur
1086 3147 1252 3225 ecclesia3
1286 3147 1316 3208 si

323 3254 413 3316 enim
439 3275 510 3318 non
534 3256 658 3318 liceret
690 3255 768 3336 regi
788 3275 918 3337 regere
944 3275 1044 3317 suum
1067 3255 1210 3329 clerum,
1235 3270 1317 3314 cum

323 3357 380 3420 ille
412 3369 535 3441 potest
567 3369 679 3422 totum
709 3360 888 3422 residuum
916 3359 1018 3442 regni
1045 3357 1201 3431 inficere,
1230 3375 1316 3439 ymo

321 3462 499 3525 residuum
534 3465 659 3546 populi
692 3483 873 3546 superare,
906 3463 991 3525 alias
1024 3481 1096 3525 non
1124 3461 1221 3523 foret
1249 3479 1317 3522 rex

324 3567 424 3648 regni
441 3567 582 3650 integri.
598 3569 642 3631 Et
659 3568 721 3643 sic,
744 3577 782 3630 ut
798 3567 883 3630 dicit
897 3565 1123 3649 Augustinus
1139 3564 1198 3627 De
1214 3564 1317 3627 Anti·
1329 3582 1360 3631 30

324 3671 456 3734 christo
474 3673 550 3734 XX
566 3674 623 3735 De
635 3672 788 3735 Civitate
805 3672 884 3747 Dei,
903 3670 1035 3734 XXIV
1046 3668 1213 3752 capitulo,
1230 3668 1315 3750 ipse

324 3777 524 3840 destrueret
547 3786 709 3859 quartum
733 3796 890 3861 regnum.

375 4020 395 4054 s.
412 4015 487 4057 uodd.
503 4017 524 4056 m
542 4026 627 4069 marg:
643 4015 714 4071 Regis
727 4014 830 4069 officium
844 4015 971 4068 turpedrem
981 4018 1072 4070 peccat.

376 4155 416 4191 20.
436 4141 521 4189 Causa
541 4141 620 4200 XXV,
645 4141 753 4202 Quaest.
773 4141 791 4201 l,
815 4141 879 4206 Cap.
894 4141 935 4189 Vl.
965 4140 1061 4190 Glossr
1079 4141 1136 4190 ord.
1156 4140 1174 4203 l,
1199 4156 1225 4205 p.
1251 4152 1318 4205 1347

321 4226 375 4291 (ed.
390 4228 455 4278 Ven.
474 4227 560 4294 equ:
582 4229 652 4293 l‘epa
671 4238 759 4277 utrum
774 4229 856 4292 possit
874 4238 963 4277 contra
977 4226 1136 4293 Apostolum
1151 4227 1318 4293 dispensare.

323 4315 363 4366 30.
382 4315 449 4378 Aug.
470 4315 540 4381 Opp.
559 4323 623 4366 tom.
638 4316 692 4379 Vll,
710 4313 770 4364 oon.
