3008 5026
658 376 827 429 Jouxums
846 376 986 426 wicus
1176 357 1262 445 [mr.
1278 371 1317 417 rr.

326 557 404 601 cum
427 535 545 600 bissus
568 544 663 599 terre
687 535 851 610 admodo,
874 542 912 596 ut
937 540 1039 617 patet
1058 532 1103 596 de
1120 533 1318 598 combustis

325 640 514 718 cineribus,
551 638 691 705 ossibus
724 646 760 701 et
793 637 921 703 ceteris
954 637 1043 702 albis
1080 636 1185 703 siccis
1216 645 1321 702 notat

323 744 507 822 iusticiam,
539 764 610 827 que
641 742 753 806 instar
785 750 880 806 terre
912 741 1027 806 solide
1060 749 1130 806 stat
1159 741 1319 805 inomni

325 847 576 932 temptacione,
614 856 652 910 ut
684 845 901 910 Aristoteles
937 845 1024 910 dicit
1060 846 1077 908 Ι
1108 845 1320 910 Ethicorum

324 955 413 1018 sistat
429 958 627 1034 tetragonus
641 953 714 1015 siue
725 952 902 1034 vituperio.
919 950 1084 1033 Purpura
1093 969 1179 1015 vero
1196 949 1347 1033 ignems

325 1057 556 1140 pretendens,
588 1054 732 1119 racione
759 1054 900 1118 ruboris
928 1053 1046 1140 signat
1072 1053 1321 1118 fortitudinem

326 1169 522 1245 purgatam,
556 1168 594 1223 ut
621 1179 751 1223 orarum
775 1161 810 1224 in
833 1160 970 1223 comino
997 1159 1246 1241 tribulationis,
1281 1166 1322 1221 ut

326 1264 483 1348 loquitur
505 1263 690 1346 scriptura.
728 1263 926 1328 Iaccinctus
951 1271 1068 1327 autem
1092 1262 1237 1327 celestis
1261 1282 1321 1326 co·

326 1369 422 1447 loris,
448 1389 570 1452 aquam
592 1369 788 1433 induratam
813 1368 968 1454 signans,
995 1376 1097 1432 notat
1118 1375 1322 1450 temperan-

329 1474 417 1539 ciam
442 1494 512 1556 que
545 1493 694 1537 massam
719 1473 881 1557 corporis
903 1472 1045 1537 humani
1063 1472 1117 1537 sic
1132 1480 1322 1555 temperat,
1338 1503 1369 1536 to

329 1581 425 1642 utin
449 1578 507 1641 via
529 1599 665 1642 morum
688 1587 839 1661 propter
855 1598 1009 1642 amorem
1031 1577 1214 1642 celestium
1246 1597 1323 1641 non

330 1681 452 1746 effluat
474 1681 631 1746 terminis
655 1682 786 1747 alienis
822 1681 960 1746 Coecus
988 1702 1075 1745 vero
1103 1680 1159 1745 bis
1186 1680 1324 1746 tinctus

330 1798 387 1850 est
408 1806 523 1871 genus
550 1786 705 1850 tincture
728 1788 867 1852 medius
888 1787 980 1850 inter
1007 1788 1158 1849 rubeum
1185 1796 1222 1851 et
1246 1807 1323 1851 cro·

331 1912 444 1970 ceum,
476 1912 580 1975 quem
613 1912 679 1955 nos
714 1892 860 1956 dicimus
892 1891 1121 1955 vermiculum
1148 1892 1208 1954 vel
1240 1892 1324 1956 sub·

330 2001 481 2062 rubeum
513 1998 668 2059 colorem
701 2016 748 2060 ex
780 1996 1005 2062 silvestribus
1032 1996 1230 2074 frondibuS,
1261 1996 1325 2058 vel
1339 2011 1369 2062 ιδ

332 2103 384 2182 (ut
407 2099 482 2164 aliis
505 2101 637 2183 placet)
662 2121 709 2164 ex
732 2103 884 2184 quodam
908 2120 1030 2164 verme
1053 2101 1257 2180 decoctum3
1288 2110 1327 2164 et

332 2206 451 2288 signat
472 2206 700 2288 prudenciam
720 2205 903 2289 vigentem
925 2206 962 2269 in
986 2204 1189 2289 sanguineis
1211 2204 1328 2269 instar

333 2310 424 2373 aeris
456 2310 665 2392 temperatis
699 2320 736 2375 et
767 2311 972 2393 specialiter
1000 2310 1030 2373 si
1057 2309 1158 2374 tincti
1188 2309 1327 2373 fuerint

331 2421 456 2497 preter
493 2414 645 2478 virtutes
682 2416 834 2479 morales
871 2415 907 2477 in
944 2414 1138 2498 prudencia
1176 2434 1326 2478 conver·

333 2516 485 2581 sacionis
516 2518 653 2600 penalis
682 2518 814 2582 domini
841 2518 949 2582 Ihesu
977 2518 1115 2583 Christi.
1154 2516 1326 2582 Secundo
1339 2546 1373 2582 20

333 2632 500 2686 notantur
532 2631 684 2706 quatuor
713 2625 891 2702 humores,
926 2622 1064 2688 scilicet
1094 2621 1328 2686 melancolica

336 2735 371 2790 et
404 2727 567 2806 colerica,
599 2727 727 2812 flegma
760 2736 797 2791 et
828 2728 984 2811 sanguis,
1017 2728 1146 2812 quibus
1180 2725 1326 2812 nature}

335 2831 532 2913 sagacitate
565 2832 763 2897 commixtis
793 2833 944 2896 humana
982 2832 1187 2915 complexio
1216 2832 1327 2895 deno·
1357 2847 1421 2898 231·

336 2942 437 2998 tatur.
475 2933 536 3000 Sic
569 2935 709 3019 inquam
741 2937 819 3000 istis
851 2946 1002 3020 quatuor
1029 2936 1186 3001 moribus
1214 2936 1327 3000 conti·

335 3038 462 3101 nencia
498 3038 675 3122 figuratur.
713 3038 815 3104 Sicut
852 3041 944 3104 enim
981 3042 1097 3105 electa
1125 3040 1162 3103 in
1193 3040 1373 3121 mixtis,25

337 3142 388 3206 sic
415 3143 581 3206 humores
610 3143 645 3207 in
669 3145 874 3210 animalibus
903 3154 940 3209 et
961 3145 1203 3228 proprietates
1226 3145 1327 3229 spiri·

336 3247 450 3310 tuales
473 3247 508 3309 in
533 3248 711 3314 mentibus
725 3251 859 3313 habent
879 3271 942 3315 sua
958 3250 1082 3314 officia.
1106 3250 1216 3313 Terra
1233 3250 1328 3315 enim

336 3349 422 3414 facit
453 3350 564 3415 mixto
598 3353 847 3432 constanciam,
886 3374 976 3437 aqua
1008 3354 1328 3432 continuacionem,

338 3475 398 3518 aer
430 3455 660 3539 capacitatem
693 3458 835 3522 celestis
865 3459 1054 3523 influencie
1087 3469 1124 3522 et
1153 3459 1247 3542 ignis
1271 3469 1330 3524 est

338 3559 396 3622 via
426 3560 622 3643 recipiendi
654 3563 863 3644 peregrinas
886 3563 1139 3647 impressiones
1167 3573 1203 3627 et
1226 3565 1331 3646 quasi
1342 3578 1377 3630 30

337 3665 420 3727 luna
442 3664 728 3746 instrumentalis,
752 3668 928 3732 mediante
951 3690 1020 3752 qua
1042 3668 1250 3752 mitigantur
1271 3669 1329 3734 fri-

339 3768 470 3851 giditas
503 3780 540 3832 et
565 3771 753 3835 humiditas
780 3772 957 3837 inferioris
982 3774 1133 3858 duplicis
1162 3773 1331 3837 elementi

341 3883 377 3936 et
394 3873 613 3938 confortatur
628 3876 777 3958 qualitas
800 3877 900 3955 aeris,
925 3885 964 3940 ut
978 3887 1066 3960 puta
1080 3881 1205 3943 raritas
1221 3885 1331 3960 atque

342 3977 509 4043 caliditas.
525 3977 586 4044 Sic
602 3987 658 4043 est
674 3980 718 4043 de
729 3982 979 4064 complexione
993 3982 1144 4048 hominis
1155 3982 1333 4066 corporali

395 4223 418 4276 5.
437 4221 540 4274 Eodem
559 4225 680 4291 exemplo
698 4226 778 4277 utitur
796 4226 839 4281 W.
859 4227 897 4278 De
917 4227 993 4278 Civili
1014 4228 1139 4279 Dominio
1159 4229 1177 4292 l,
1197 4229 1238 4292 54,
1257 4228 1273 4284 l.
1289 4227 1334 4281 26.

343 4326 367 4376 7.
386 4312 466 4365 Prov.
485 4312 564 4377 xvll,
585 4315 608 4365 3,
