3008 5026
657 379 828 428 Jonnnms
848 379 987 429 wrcme
1171 360 1248 450 [can
1276 377 1324 421 m.

333 536 414 618 quia
429 537 586 619 prelatus
609 545 733 618 potest
756 534 945 618 precipere
969 534 1179 618 simpliciter
1194 536 1322 619 impos-

330 640 432 703 sibile
457 651 494 704 et
517 640 659 702 omnino
680 640 895 716 irracionale,
923 639 1031 721 igitur
1053 661 1120 722 per
1144 641 1240 704 idem
1264 644 1321 705 vel

328 765 349 807 a
371 745 493 807 maiori
517 753 639 827 potest
661 744 757 808 istud
780 744 979 827 precipere,
1007 744 1089 806 ideo
1114 764 1187 808 non
1210 756 1322 810 restat

326 848 515 931 responsio
544 848 613 911 nisi
637 848 770 912 veritas
791 847 795 931 l
816 849 912 930 quod
940 857 1091 930 propter
1115 869 1217 913 suum
1241 870 1320 933 pre·
1346 857 1394 908 25l⁶

108 969 198 1013 (iram
213 975 238 1014 or
254 981 315 1024 pope
328 952 448 1035 cipere
475 973 542 1015 nec
571 952 684 1033 magis
711 972 777 1014 nec
801 951 914 1014 minus
942 952 1089 1016 incurrit
1117 957 1234 1017 clerus
1262 956 1342 1017 veli

129 1023 295 1119 elladii-⁰01
327 1058 450 1140 laycus
483 1077 610 1140 penam
643 1058 701 1119 vel
733 1057 918 1139 premium,
952 1057 1034 1138 quia
1062 1067 1211 1141 oportet
1242 1079 1316 1141 pre·

131 1129 291 1241 „illidii
328 1171 468 1244 ceptum
486 1161 543 1223 cui
564 1160 751 1224 obedietur
773 1181 854 1225 esse
869 1161 967 1243 prius
987 1161 1203 1226 racionabile
1223 1165 1317 1245 apud

113 1233 309 1327 quprpgppraa
327 1267 458 1343 Deum3
485 1275 521 1329 et
543 1275 627 1330 tunc
651 1266 762 1346 fieret,
784 1266 870 1329 licet
894 1286 999 1329 nemo
1023 1269 1089 1331 sub
1106 1268 1317 1332 obediencia

157 1340 275 1391 ¹¹⁵⁸'¹¹⁰⁰''
326 1371 475 1433 humana
501 1371 587 1433 illud
616 1370 829 1453 preciperet,
858 1390 936 1433 cum
964 1370 1065 1434 aliter
1091 1370 1188 1434 foret
1210 1374 1316 1435 homo

324 1473 536 1537 inobediens
563 1474 705 1540 racioni.
742 1475 788 1538 Et
816 1483 918 1557 patet
945 1475 1041 1557 quod
1069 1475 1162 1540 sicut
1188 1475 1225 1539 in
1248 1476 1317 1540 isto
1331 1500 1357 1534 ro

326 1597 410 1641 casu
438 1598 509 1641 non
537 1587 648 1642 restat
676 1588 869 1661 expectare
901 1580 1043 1661 plenam
1070 1579 1316 1645 remissionem

325 1684 383 1745 vel
411 1684 603 1760 anathema,
636 1682 686 1745 sic
714 1683 931 1763 generaliter
957 1682 993 1745 in
1024 1684 1144 1765 papali
1175 1684 1317 1765 iudici0,

323 1786 392 1849 nisi
408 1788 453 1849 de
470 1795 600 1869 quanto
616 1786 695 1868 quis
711 1786 880 1850 meruerit
902 1788 995 1868 apud
1013 1785 1127 1851 Deum
1137 1810 1146 1867 ;
1172 1797 1318 1872 oportet

326 1891 418 1953 enim
434 1891 531 1973 quod
549 1891 711 1954 obiectus
729 1890 946 1973 sophisticus
968 1890 1014 1954 sit
1034 1893 1184 1955 solutus.

369 1994 556 2077 Quotlibet
584 2005 666 2059 sunt
693 1996 783 2059 tales
808 2015 910 2058 casus
938 1996 1047 2077 longe
1075 1996 1355 2060 coloracioresri

326 2121 429 2182 quam
460 2099 705 2183 obligaciones
748 2100 958 2164 obediencie
992 2102 1192 2165 humanitus
1221 2102 1317 2165 adin·

324 2214 442 2286 vente,
453 2213 492 2267 ut
501 2205 621 2287 posito
635 2204 866 2287 quodPetrus
877 2205 974 2287 prior
984 2206 1114 2269 habeat
1130 2208 1217 2270 duas
1229 2209 1316 2271 duo·

326 2310 434 2372 denas
459 2311 675 2388 claustrales,
696 2329 820 2373 omnes
831 2309 899 2373 sibi
919 2310 1140 2391 obedientes,
1157 2322 1194 2376 et
1203 2312 1316 2394 preci·

324 2414 398 2495 piat
414 2413 585 2477 stabiliori
595 2415 770 2496 duodone,
795 2417 892 2496 quod
908 2434 979 2478 non
997 2415 1221 2498 colloquatur
1237 2437 1316 2480 cum

323 2517 469 2600 reliqua,
492 2517 560 2580 nisi
583 2517 676 2581 forte
700 2519 930 2582 inobediente
951 2518 1061 2583 Petro
1085 2521 1130 2582 ad
1146 2521 1357 2584 obedien-20

325 2620 412 2685 ciam
435 2624 691 2698 reducendum;
716 2631 753 2686 et
775 2624 872 2705 quod
890 2624 1046 2686 secunda
1062 2624 1229 2687 duodena
1244 2646 1316 2689 non

325 2726 547 2807 colloquatur
571 2746 650 2788 cum
672 2726 816 2808 reliqua,
839 2726 907 2790 nisi
929 2727 1121 2791 obediente
1137 2728 1249 2792 Petro
1272 2730 1315 2792 ad

324 2828 566 2894 obedienciam
585 2830 868 2910 confirmandum,
886 2839 923 2893 et
939 2830 1084 2913 incipiat
1096 2831 1229 2895 Paulus
1244 2833 1315 2916 pri·

325 2933 396 2996 oris
421 2935 586 2997 duodeno
608 2934 707 3017 loqui
736 2954 814 2997 cum
837 2934 925 2998 Lino
954 2937 1112 2998 secunde
1137 2937 1315 3019 duodene,

325 3046 474 3120 utroque
490 3047 674 3120 prestante
696 3040 732 3102 in
757 3041 823 3102 hoc
840 3040 1086 3103 obedienciam
1104 3043 1314 3115 observare,
1326 3046 1355 3096 ²5

325 3142 375 3203 sic
400 3144 497 3223 quod
521 3143 687 3207 continue
711 3153 793 3207 ante
815 3144 902 3206 illud
927 3145 1142 3226 colloquium
1161 3155 1315 3229 uterque

324 3246 390 3310 fuit
411 3247 478 3309 rite
502 3248 611 3311 Petro
636 3248 819 3314 obediens

126 3362 312 3456 uispcns'ariqnd
368 3349 527 3414 Ulterius
543 3362 710 3434 quantum
735 3354 778 3415 ad
802 3353 1107 3435 dispensacionem
1130 3353 1314 3419 affinitatis

107 3422 383 3519 iiriieii‘iriibliiavel
416 3457 756 3538 consanguineitatis
787 3466 890 3539 patet
926 3458 1023 3539 quod
1054 3457 1250 3521 fabricatur
1276 3468 1315 3521 ut

325 3558 510 3641 plurimum
534 3561 772 3643 zophistarum
795 3561 921 3641 illusi0‚
949 3582 1029 3624 nam
1052 3562 1083 3625 si
1106 3572 1315 3628 contractus
1327 3568 1357 3617 30

325 3663 369 3726 sit
391 3664 576 3727 racionalis
606 3674 642 3728 et
666 3674 928 3729 consentaneus
956 3667 1029 3749 legi
1052 3665 1131 3746 Dei,
1157 3687 1231 3730 non
1254 3671 1314 3732 ob·

378 3949 410 3992 ¹7.
426 3938 502 3981 Codd.
518 3939 540 3981 in
557 3951 643 3992 marga
660 3939 720 3984 Nota
736 3952 824 3985 casum.
878 3942 915 3986 28.
932 3942 1008 3987 Codd.
1023 3943 1046 3987 in
1059 3955 1146 3998 marga
1163 3943 1316 4000 Dispensacr'n

334 4020 347 4049 n
362 4006 481 4063 affinitate
494 4015 518 4060 t!
531 4011 758 4065 cousongm'ner'tate.

381 4148 417 4197 ¹7·
443 4134 517 4192 Quae
544 4148 622 4199 supra
647 4135 808 4199 explicantur
830 4138 921 4187 videas
944 4139 970 4187 in
994 4139 1083 4204 Opere
1106 4138 1164 4190 Joh.
1195 4141 1254 4190 llus
1279 4143 1317 4191 lle

324 4219 394 4271 Eccl.
417 4221 433 4269 l.
457 4235 479 4271 c.
503 4235 528 4285 p.
550 4217 611 4282 246b
636 4223 785 4287 incipiendo
805 4239 832 4277 a:
856 4225 926 4290 quod
951 4224 1045 4276 Petrus
1066 4227 1146 4290 prior
1170 4241 1258 4294 nsque
1283 4231 1316 4278 ad

323 4321 417 4356 vocem
435 4307 566 4361 obediens.
