3008 5026
205 373 273 421 cle.
287 359 330 449 xl
501 381 546 430 eu
565 379 777 431 Porssrnrl:
797 379 896 430 ΡΑΡΕ.

204 555 338 600 sacram
370 546 567 619 occupatur
599 534 753 599 ecclesia
785 542 821 599 et
852 534 1005 599 oriretur
1037 533 1191 599 ecclesie

203 641 302 723 prior
324 649 447 718 status,
472 640 533 724 qui
554 640 650 704 foret
672 639 818 703 indubie
842 638 988 703 similior
1012 648 1049 703 et
1071 639 1190 723 dispo·

205 744 311 809 eicior
334 745 378 808 ad
402 746 588 809 ecclesiam
612 743 896 827 triumphantem.

248 846 321 913 Sed
337 849 491 913 obicitur
506 860 629 913 contra
646 849 732 911 illud
748 847 945 931 tripliciter,
961 848 1077 929 primo
1093 847 1192 931 quod
1214 845 1232 890 ¹2
1246 845 1267 890 ¹⁸
1281 844 1386 900 eruerer

1278 898 1328 941 that

180 964 288 1018 §tunc
310 954 471 1037 perirent
492 954 686 1018 iuramenta
711 964 748 1018 et
769 953 843 1037 lige
866 964 936 1016 tam
958 972 1191 1036 personarum
1209 949 1398 1046 ἕοξῗξοέζξῗξξῑ

204 1078 309 1141 quam
336 1057 497 1121 ordinum
530 1058 658 1140 quibus
688 1057 899 1121 obediencie
936 1075 1031 1139 pape
1058 1066 1094 1118 et
1116 1054 1190 1119 Ro·
1213 1013 1399 1163 ¹233&ssssssst

204 1182 306 1226 mane
331 1161 429 1226 curie
453 1161 664 1245 obligantur.
1205 1156 1403 1256 'fflfigtgff

247 1265 320 1332 Sed
336 1274 477 1330 constat
496 1268 590 1349 quod
607 1266 679 1351 lige
695 1265 786 1328 tales
801 1265 923 1328 forent
937 1262 1189 1340 infidelissime,
1266 1273 1335 1318 Μὰ

202 1369 270 1433 nisi
301 1370 612 1454 subintelligantur
644 1368 945 1446 condicionaliter,
978 1369 1023 1431 de
1057 1378 1189 1451 quanto

163 1474 309 1538 rosedes
339 1476 399 1539 illa
431 1483 468 1538 et
499 1493 656 1557 persone
680 1481 914 1558 compensant
939 1473 976 1536 in
998 1473 1093 1536 facto
1117 1472 1189 1535 imi·

201 1579 309 1643 tando
334 1577 511 1643 Christum
543 1578 689 1642 similius
722 1586 760 1642 et
790 1578 948 1642 tenendo
979 1576 1189 1659 religionem

203 1703 301 1747 suam
320 1682 535 1766 perfeccius,
558 1691 598 1747 ut
613 1682 806 1746 verbaliter
824 1681 1048 1764 profitentur.
1073 1679 1190 1743 Aliter

202 1786 346 1869 quidem
388 1788 616 1873 contingeret
653 1787 751 1870 quod
783 1804 939 1868 persone
975 1793 1012 1848 et
1044 1783 1188 1847 ordines

202 1890 363 1974 obligate
394 1891 513 1957 forent
543 1902 669 1956 tenere
702 1911 781 1953 cum
805 1887 1027 1953 Antichristo
1052 1887 1188 1951 eteius

162 2002 189 2052 15
201 1994 385 2077 discipulis
396 2005 516 2061 contra
527 1995 713 2072 Christum,
732 2013 811 2058 nam
823 1995 876 2075 (ut
890 2002 991 2076 patet
1006 2011 1054 2055 ex
1070 1990 1186 2072 dictis)
1225 2006 1382 2051 Suessones

1247 2066 1311 2103 must
1326 2060 1353 2102 be

201 2107 258 2162 cst
280 2119 407 2183 magna
423 2101 630 2183 disposicio,
654 2108 693 2162 ut
708 2098 778 2162 ista
800 2096 967 2162 comitiva
983 2096 1031 2160 sit
1044 2095 1188 2158 realiter
1207 2111 1397 2208 ofopgprqnspld

199 2201 451 2267 Antichristus.
473 2204 581 2268 Unde
605 2204 649 2266 ad
673 2212 809 2267 tantum
833 2201 962 2265 dicitur
982 2198 1092 2264 hodie
1108 2215 1400 2312 9⁰¹'⁶³⁵„{¹{,2¹¹4¹⁸f,¹,”¹

199 2306 308 2389 plexa
325 2307 487 2384 ecclesia,
504 2307 602 2390 quod
616 2307 745 2370 fratres
759 2305 1020 2369 necessitantur
1029 2301 1187 2367 Parisius
1197 2318 1401 2428 ppqprerlipngffitq

198 2408 316 2473 iurare
353 2410 520 2475 Roberto
560 2409 803 2475 obedienciam
847 2419 1024 2491 tamquam
1068 2405 1186 2490 capiti,
1235 2421 1321 2520 '‘3⁵2“
1334 2435 1363 2468 or

157 2514 295 2595 roquod
326 2515 443 2579 sciunt
465 2516 523 2578 vel
548 2517 697 2579 credunt
719 2515 867 2578 firmiter
888 2532 1012 2576 verum
1040 2530 1185 2595 papam3
1278 2488 1342 2521 '⁸¹¹'

198 2618 234 2681 in
271 2618 402 2704 Anglia
439 2628 557 2683 autem
594 2618 857 2682 necessitantur
893 2616 1008 2680 iurare
1039 2615 1186 2679 Urbano

198 2732 323 2787 nostro
347 2723 463 2787 forma
485 2722 669 2800 consimili,
692 2723 778 2786 licet
791 2723 842 2786 illi
864 2721 936 2786 sint
952 2721 1087 2785 directe
1104 2737 1187 2783 con·

198 2826 303 2905 trarii,
326 2826 389 2890 ubi
410 2836 555 2911 oportet
578 2827 674 2910 quod
699 2828 806 2890 altera
828 2846 911 2908 pars
926 2823 1117 2888 infideliter
1136 2821 1185 2885 in»

199 2941 317 2996 currat
347 2931 540 3014 periurium
564 2931 641 2995 sive
663 2930 856 3013 perfidiam.
893 2930 940 2992 Et
968 2948 1046 2991 cum
1069 2947 1116 2990 ex
1140 2926 1186 2989 sa»

155 3035 306 3100 25mosis
339 3035 524 3119 principiis
557 3035 763 3118 legistarum
796 3040 943 3117 oportet
973 3032 1090 3096 facere
1119 3033 1186 3094 sub

197 3159 294 3222 pena
316 3141 456 3223 peccati
478 3140 636 3204 mortalis
661 3140 830 3222 quicquid
845 3159 941 3222 papa
955 3135 1186 3213 mandaverit,

198 3254 344 3326 oportet
367 3247 516 3309 credere
539 3255 579 3309 ut
600 3244 718 3321 fidem,
742 3244 913 3327 quicquid
932 3242 968 3306 in
985 3240 1185 3305 excomuni-

198 3349 343 3412 cacione
367 3359 404 3413 et
426 3349 634 3413 infidelitate
658 3369 751 3431 papa
775 3347 987 3411 decreverit.
1011 3346 1057 3409 Et
1072 3345 1124 3409 sic
1140 3345 1185 3406 de

196 3453 328 3517 iudicio
356 3474 451 3537 pape
480 3454 524 3517 ad
546 3453 780 3537 propositum.
808 3452 1000 3516 Manifeste
1025 3449 1187 3533 sequitur

155 3563 188 3614 30
198 3575 277 3619 cum
299 3558 446 3641 paribus
470 3559 567 3640 quod
589 3566 735 3640 oportet
758 3566 942 3639 utramque
967 3564 1104 3638 partem
1126 3553 1185 3616 im·

196 3680 334 3744 ponere
365 3661 609 3725 infidelitatem
641 3670 740 3726 secte
773 3659 986 3724 Antichristi
1017 3658 1118 3723 alteri
1149 3666 1187 3722 et

106 3772 170 3824 223·
195 3764 397 3848 relinquere
409 3763 413 3850 Ι
426 3765 752 3830 comunicacionem
763 3785 842 3827 cum
858 3764 994 3845 reliqua
1008 3773 1185 3846 tamquam

197 3868 480 3947 excomunicata,
510 3867 668 3932 heretica
691 3881 727 3932 et
758 3869 854 3931 omni
886 3867 1119 3950 possessione
1145 3885 1186 3930 ac

196 3971 272 4035 iure
294 3971 454 4056 indigna;
478 3983 515 4037 et
538 3973 590 4036 sic
613 3973 658 4036 de
678 3971 822 4037 infinitis
838 3971 1184 4049 inconvenientibus

249 4330 272 4370 ⁴·
287 4315 363 4361 Coto.
383 4316 406 4360 in
426 4327 514 4373 merga
531 4315 645 4362 Obicitur.
703 4315 741 4362 26.
756 4315 785 4361 B:
805 4315 926 4374 quicquan
940 4325 1006 4372 papa
1024 4314 1183 4361 mandaverat.
