3008 5026
151 368 213 442 24ὁ
696 374 865 425 somnus
884 375 1024 426 wreus
1229 355 1311 443 [cm.
1325 370 1354 416 x.

367 534 462 618 sapit
473 534 586 597 minus
596 540 782 616 peccatum
794 541 831 595 et
847 531 946 595 aliter
957 529 961 616 l
974 530 1354 599 coliturAntichristus.
1389 543 1450 590 222·

199 637 315 734 Pgffif
367 639 473 703 Unde
506 638 613 701 nichil
649 636 759 700 maius
792 637 987 700 hereticum
1019 656 1122 720 quam
1155 638 1251 720 quod
1282 646 1355 700 tam

166 743 344 849 gglgiegffi‘y
368 743 589 807 necessarius
606 752 661 805 est
675 741 745 805 iste
760 742 848 805 ordo
866 761 1041 819 cesareus,
1058 749 1096 805 ut
1112 761 1214 805 nemo
1229 748 1356 824 posset

175 854 198 890 ¹⁰
213 847 335 890 ¹⁸¹l³¹¹⁰¹¹·
367 848 444 914 sine
467 868 562 931 papa
583 846 686 910 istius
710 847 843 910 ordinis
867 866 947 910 esse
972 849 1101 925 salvus,
1125 847 1238 929 primo
1257 845 1356 928 quod

368 953 486 1016 multis
509 952 755 1036 pseudopapis
776 973 847 1015 non
865 951 1115 1028 existentibus,
1138 961 1177 1015 ut
1192 960 1291 1034 patet
1309 958 1381 1013 ex5

369 1058 484 1135 dictis,
516 1067 639 1122 sancta
671 1056 810 1121 duravit
841 1057 1166 1140 predestinatorum
1192 1055 1356 1134 ecclesia,

369 1163 527 1226 secundo
552 1163 634 1245 quia
657 1162 827 1226 trecentis
851 1161 951 1225 annis
980 1171 1016 1225 et
1038 1162 1198 1244 amplius,
1226 1160 1356 1244 quibus

371 1266 445 1330 sine
475 1267 666 1330 dotacione
694 1266 808 1330 crevit
835 1267 996 1342 ecclesia,
1022 1267 1252 1349 regulabatur
1279 1264 1357 1328 sine

370 1370 430 1434 tali
446 1370 598 1454 primatu
609 1391 755 1435 cesaree
768 1371 943 1435 communi
959 1371 1107 1434 consilio
1124 1370 1357 1434 sacerdotum.

163 1509 211 1554 F„
225 1506 270 1552 300
284 1519 352 1563 years
370 1475 441 1538 Pro
466 1495 537 1558 quo
561 1487 725 1558 tempore
748 1477 838 1539 idem
853 1475 931 1555 fuit
945 1477 1106 1538 sacerdos
1125 1480 1155 1537 et
1170 1477 1358 1556 episcopus,
1372 1495 1402 1527 10

178 1560 339 1670 ξξῗὲῗξζῇἳξ
372 1589 411 1643 ut
433 1588 535 1662 patet
558 1600 605 1642 ex
628 1578 742 1643 dictis
769 1579 898 1642 Tercio
923 1580 1020 1661 quod
1044 1587 1142 1641 totus
1166 1579 1254 1640 ordo
1278 1577 1358 1640 talis

195 1666 234 1709 ‘¹¹⁶
248 1676 322 1708 Μ’
371 1683 437 1747 fuit
460 1683 642 1747 institutus
666 1702 686 1745 a
709 1702 830 1746 cesare
847 1693 969 1765 preter
985 1681 1172 1761 Christum,
1195 1692 1235 1745 ut
1257 1692 1358 1765 patet

372 1807 419 1850 ex
451 1787 555 1850 dictis
578 1786 668 1850 VIII
701 1807 777 1869 cap.
815 1786 862 1849 Et
900 1785 1006 1849 nichil
1043 1786 1218 1849 infidelius
1253 1805 1358 1867 quam

372 1892 469 1975 quod
491 1911 596 1954 nemo
619 1899 742 1974 potest
764 1891 871 1954 modo
896 1889 1022 1953 salvari
1038 1889 1113 1953 sine
1131 1909 1195 1952 suo
1213 1890 1359 1953 decreto

372 2005 442 2058 tam
460 1995 738 2058 extraordinario
754 2001 877 2077 preter
891 1993 1006 2057 fidem.
1030 1992 1130 2058 Sicut
1152 1993 1261 2076 igitur
1276 2013 1359 2056 con·
1374 1998 1403 2046 ¹5

372 2099 470 2164 versi
500 2099 535 2162 in
561 2099 676 2162 Yndia
708 2108 744 2162 et
768 2096 895 2161 Grecia
923 2107 960 2162 et
987 2097 1061 2161 aliis
1084 2098 1184 2175 locis,
1216 2098 1277 2160 ubi
1300 2117 1360 2180 pa·

373 2213 477 2286 patus
501 2213 624 2266 noster
646 2224 718 2267 non
735 2203 872 2280 colitur,
896 2211 979 2266 sunt
995 2203 1173 2266 christiani
1191 2202 1360 2278 salvandi,

375 2307 487 2370 eciam
511 2308 572 2389 qui
595 2307 797 2388 reIIg‘iosius
814 2307 917 2370 nobis
934 2305 1073 2370 vivunt:
1098 2307 1149 2369 sic
1165 2306 1201 2369 in
1216 2306 1362 2388 Europa

375 2421 443 2479 stat
476 2430 556 2474 esse
589 2411 771 2494 perfectos
800 2411 1008 2474 christianos
1036 2411 1230 2474 secundum
1252 2410 1361 2474 fidem

376 2515 515 2593 Christi,
555 2515 622 2578 etsi
670 2536 742 2578 non
795 2524 1018 2598 cognoscant
1062 2514 1362 2598 preeminenciam
1375 2536 1408 2570 20

375 2619 555 2703 pontificis
580 2618 809 2685 Constantini.

181 2735 343 2782 ‘flechmel
420 2722 506 2786 Feci
543 2732 660 2787 autem
698 2725 742 2786 ad
773 2725 841 2787 hoc
873 2723 1034 2787 raciones
1068 2723 1281 2806 multiplices
1315 2744 1362 2785 ex

159 2791 236 2834 would
252 2790 280 2833 be
294 2789 367 2832 heller

177 2840 347 2949 cmmode
377 2827 595 2890 sufficiencia
620 2827 712 2909 legis
742 2826 872 2891 Christi
899 2836 936 2889 et
963 2847 1010 2889 ex
1036 2826 1266 2892 vertibilitate
1289 2826 1363 2890 Ro·

176 2946 338 3042 endvppssphu
376 2931 468 2998 mani
499 2932 693 3014 pontificis;
727 2951 809 3014 ymo
841 2940 941 3014 patet
973 2951 1018 2993 ex
1052 2931 1155 2994 dictis
1180 2933 1363 3014 quomodo

341 3026 346 3037 ’
378 3056 508 3119 corpus
525 3034 657 3100 Christi
673 3036 836 3099 militaret
852 3035 1011 3099 securius
1030 3046 1137 3118 atque
1161 3035 1364 3118 perfeccius
1376 3045 1408 3095 25

377 3140 554 3204 subducto
582 3140 646 3203 tali
674 3141 797 3203 ordine
821 3160 979 3211 cesarem
1013 3161 1092 3203 nam
1116 3140 1271 3203 ulvendo
1295 3160 1364 3202 om·

378 3243 461 3307 nino
487 3244 781 3327 exproprietarie,
811 3245 903 3307 sicut
927 3253 1008 3307 ante
1032 3245 1255 3308 dotacionem
1278 3253 1365 3308 tem·

379 3368 469 3430 pore
486 3369 555 3430 quo
573 3348 686 3411 crevit
702 3349 863 3424 ecclesia,
875 3351 1016 3430 quando
1032 3369 1120 3430 pure
1136 3351 1366 3433 regulabatur

379 3472 446 3535 per
477 3451 593 3535 legem
618 3451 747 3515 Christi
780 3463 816 3515 et
848 3454 1041 3535 regebatur
1068 3473 1135 3535 per
1158 3456 1366 3518 sacerdotes

380 3556 497 3619 socios
540 3556 616 3619 sine
654 3556 917 3640 preeminencia
954 3558 1153 3621 humanitus
1193 3559 1366 3635 instituta,
1378 3567 1413 3616 30

379 3660 503 3723 melius
535 3671 571 3724 et
593 3661 795 3744 perfeccius
820 3661 911 3724 vixit
938 3682 1041 3744 quam
1066 3664 1182 3728 modo.
1210 3663 1285 3726 Nec
1310 3672 1369 3726 est

379 3764 474 3827 racio
499 3765 583 3848 quin
606 3785 671 3848 per
695 3766 787 3829 idem
810 3765 917 3828 hodie
934 3766 1046 3828 viaret
1068 3766 1118 3829 sic
1139 3767 1143 3851 l
1163 3767 1367 3849 perfeccius
1398 3774 1464 3824 222⁶

380 3890 483 3952 quam
516 3889 608 3932 nunc
641 3871 722 3948 viat,
757 3870 866 3954 igitur
899 3890 977 3932 cum
1009 3871 1075 3933 hoc
1109 3871 1154 3933 sit
1182 3870 1367 3954 possibile,

380 3982 481 4055 patet
504 3974 693 4040 conclusio,
729 3975 833 4037 Tolle
855 3974 964 4056 igitur
988 3974 1213 4038 dotacionem
1237 3984 1274 4038 et
1296 3985 1367 4039 tra-

381 4076 540 4141 diciones
585 4080 764 4157 humanas,
814 4076 944 4160 quibus
988 4088 1110 4161 preter
1155 4077 1413 4163 scripturam35

433 4327 454 4359 2.
471 4314 547 4359 Codd.
562 4316 585 4359 in
600 4327 686 4370 marga
701 4316 758 4360 Sine
769 4328 833 4372 papa
845 4322 923 4372 potere
934 4316 1003 4360 homo
1018 4318 1115 4362 salvari.
