3008 5026
133 408 202 456 cm.
216 393 260 483 ν]
437 414 480 463 ou
501 412 711 463 rorssrnre
731 413 827 462 rnre.

133 581 215 635 ante
248 572 393 635 Petrum
426 571 515 634 alius
539 570 668 634 Christi
699 570 893 652 apostolus,
926 578 964 632 ut
989 569 1064 634 Gal.
1086 570 1122 634 II

133 675 265 740 Paulus
302 675 472 759 proponit
508 675 680 754 jacobum
723 674 866 737 fratrem
905 673 1047 737 Domini
1085 681 1123 736 et

132 781 211 844 Act.
227 779 317 844 VIII
340 780 512 844 miserunt
534 779 689 863 apostoli
704 779 850 842 Petrum
874 787 911 842 et
925 778 1121 858 Johannem

132 883 330 949 Samariam.
354 885 401 948 Et
415 884 498 948 Act.
516 884 551 947 II
569 885 720 947 docetur
737 883 954 946 eleccionem
970 881 1120 946 Matthia

110 999 179 1052 :rex
203 990 379 1053 communi
402 991 646 1072 apostolorum
671 987 820 1052 consilio
845 987 1073 1071 processisse.

177 1092 346 1158 Secundo
369 1093 529 1177 arguitur
552 1112 619 1176 per
640 1094 709 1155 hoc
746 1092 845 1174 quod
867 1092 977 1155 Petro
1002 1092 1119 1173 singu·
1143 1105 1161 1150 n
1176 1105 1196 1149 a
1211 1107 1261 1150 sau
1275 1109 1323 1150 nar

131 1198 251 1262 lariter
280 1197 375 1261 dicta
407 1207 489 1262 sunt
521 1206 558 1260 et
580 1216 754 1260 concessa
776 1197 884 1259 multa
906 1218 927 1259 a
949 1195 1118 1267 Domino;
1137 1159 1222 1253 'pxiiii
1237 1171 1328 1270 {diff

132 1312 278 1386 oportet
301 1302 412 1385 igitur
435 1302 532 1385 quod
553 1302 612 1365 illa
628 1301 748 1364 dicant
767 1302 803 1364 in
819 1301 928 1364 Petro
945 1301 1120 1383 quandam
1150 1262 1179 1320 by
1194 1261 1274 1361 llll
1287 1271 1311 1308 ¹⁰

131 1406 440 1490 preeminenciam,
478 1407 542 1470 sed
574 1406 704 1469 nullam
736 1404 978 1488 pertinencius
1016 1425 1119 1487 quarn

95 1511 288 1596 roregimen
321 1511 520 1576 universale
552 1510 768 1593 predictum;
802 1519 839 1573 et
864 1509 950 1572 illud
973 1510 1119 1573 multum

131 1623 283 1693 notatur,
300 1615 396 1698 quod
407 1615 593 1679 soliPetro
611 1614 741 1678 dictum
759 1623 815 1677 est
829 1613 937 1677 Math.
950 1612 1052 1694 XVI,
1067 1633 1118 1695 19:

133 1718 204 1784 Tibi
226 1721 313 1784 daho
337 1723 449 1784 claves
470 1722 570 1800 regni
592 1720 752 1783 celorum.

173 1823 350 1906 Quantum
379 1825 424 1888 ad
446 1823 545 1901 illud,
568 1833 668 1906 patet
691 1824 788 1905 quod
812 1822 963 1905 turpiter
985 1822 1119 1905 petitur
1142 1835 1326 1934 Sucnpnmarp

1129 1899 1178 1930 war
1192 1900 1259 1943 given
1274 1902 1329 1946 ony

128 1929 224 2011 quod
246 1932 466 2011 probaretur,
490 1928 581 2012 quia,
600 1936 639 1991 ut
654 1936 755 2011 patet
772 1926 809 1989 in
824 1935 926 2009 parte
943 1946 989 1989 ex
1006 1927 1118 2006 dictis,
1130 1939 1334 2050 bffie'ppipps

91 2042 276 2116 15propter
307 2033 524 2117 spiritualem
557 2033 754 2115 primatum,
787 2051 859 2114 quo
893 2030 1022 2095 ceteris
1051 2031 1117 2096 fuit
1153 2045 1199 2088 and
1215 2047 1309 2090 humbre

126 2137 297 2216 humilior,
329 2137 502 2202 servicior
534 2147 572 2201 et
595 2136 748 2200 ecclesie
773 2135 903 2200 Christi
932 2137 1117 2218 amancior,
1140 2096 1194 2141 Μ
1210 2100 1248 2142 ⁰¹⁰
1262 2105 1316 2144 ‘⁶⁵¹'

128 2251 163 2304 et
194 2262 266 2306 non
298 2252 451 2326 propter
485 2241 633 2325 aliquam
666 2241 874 2324 dignitatem
907 2240 1115 2304 mundanam

127 2347 228 2410 Deus
251 2345 348 2410 dedit
372 2345 439 2409 sibi
463 2345 651 2429 primatum
669 2344 832 2427 ecclesie,
856 2345 959 2408 etsie
983 2344 1048 2408 fuit
1073 2346 1115 2408 ad

51 2455 98 2508 185·
127 2450 284 2514 laborem
318 2459 354 2513 et
386 2449 658 2514 sollicitudinem
688 2453 692 2530 Ι
717 2469 826 2532 suam,
864 2449 963 2533 quod
992 2450 1116 2514 habuit

89 2579 118 2614 20
126 2553 217 2617 illam
229 2553 535 2636 preeminenciam,
553 2564 588 2616 et
608 2555 677 2617 hoc
693 2552 760 2617 fuit
783 2552 942 2636 obligare
967 2553 1114 2617 obedire

126 2657 327 2723 minoribus.
348 2658 395 2722 Et
410 2658 490 2723 hinc
507 2658 656 2722 sumitur
671 2657 778 2738 raci0,
795 2678 904 2740 quare
920 2657 971 2722 sic
987 2657 1115 2722 meruit

127 2762 301 2844 paciendo
333 2763 511 2826 humiliter
532 2762 831 2846 reprobacionem
855 2762 1035 2846 Apostoli,
1068 2764 1114 2828 de

127 2888 195 2949 qua
219 2866 294 2932 Gal.
318 2866 364 2948 II,
389 2877 428 2931 ut
451 2868 608 2931 declarat
623 2867 848 2950 Augustinus
871 2867 1033 2951 Epistola
1049 2868 1114 2934 IX.

126 2969 284 3051 Quilibet
307 2971 416 3054 igitur
439 2973 619 3055 apostolus
634 2971 757 3035 habuit
772 2971 932 3057 regimen
949 2975 1113 3055 quodam·

88 3088 114 3136 25
126 3075 231 3139 modo
248 3076 448 3140 universale
465 3075 593 3140 viantis
610 3075 774 3156 ecclesie,
785 3078 849 3139 sed
859 3078 990 3141 Paulus
1002 3079 1113 3142 Petro

125 3180 318 3244 extensius.
362 3181 409 3243 Et
441 3191 609 3264 quantum
644 3183 688 3245 ad
721 3181 809 3245 illud
840 3182 970 3246 dictum
1003 3185 1113 3248 Petro
1133 3215 1317 3272 T.„„„„„,

124 3282 205 3348 Mat.
227 3283 319 3346 XVI
355 3285 381 3347 Τ
380 3286 425 3348 ibi
448 3287 535 3349 dabo
567 3287 677 3349 claves
705 3288 802 3366 regni
823 3288 984 3366 celorum,
1015 3297 1115 3371 patet
1141 3272 1314 3379 ‘glisselgffissn‘

125 3388 222 3469 quod
244 3387 309 3451 fuit
333 3388 464 3452 dictum
482 3389 518 3452 in
533 3408 689 3472 persona
705 3390 857 3452 ecclesie
879 3393 1113 3474 sacerdotum,
1124 3380 1324 3484 ἣῇζθξῆξζξξξξὲ

125 3493 222 3574 quod
245 3493 345 3556 aliter
367 3513 434 3556 nos
458 3513 529 3556 non
552 3494 789 3579 gauderemus
821 3496 889 3558 hoc
921 3496 1112 3579 privilegio
1123 3482 1323 3592 ²¹¹„‘¹„}.‘,¹,2{⁸J⁸„¹,¹⁰

86 3614 114 3663 30
123 3597 254 3660 virtute
290 3598 415 3661 horum
454 3603 644 3664 verborum
677 3599 837 3678 Domini3
877 3603 971 3664 unde
1005 3602 1112 3666 miror
1154 3587 1295 3695 ¹¹¹{,¹},‘},'¹f}}¹''

124 3703 219 3783 quod
247 3701 372 3785 aliquis
395 3703 532 3766 habens
552 3704 660 3767 fidem
683 3704 859 3788 scripture
882 3714 1111 3790 retorqueret

123 3826 168 3869 ex
206 3806 276 3870 isto
315 3809 428 3870 verbo
472 3807 649 3891 singulare
692 3809 919 3894 privilegium
957 3811 1111 3876 Romani

122 3909 301 3993 pontificis
324 3910 360 3975 in
382 3913 569 3977 solvendo.
594 3913 675 3977 Hoc
693 3915 784 3977 enim
801 3914 867 3978 fuit
887 3915 1111 3999 singulariter

172 4168 194 4212 6.
210 4170 231 4212 Α
247 4168 269 4211 in
286 4180 370 4221 marc:
390 4180 409 4212 a
468 4171 502 4223 15,
515 4173 548 4216 ro.
564 4174 597 4216 A:
606 4172 671 4227 fiunt
685 4173 802 4219 humilior.
859 4188 895 4220 ao.
911 4178 944 4220 A:
960 4181 984 4220 et
994 4178 1108 4230 hirrcsur't.

122 4235 158 4281 ²3.
174 4240 194 4282 Α
209 4237 232 4281 in
248 4249 334 4293 marga
350 4238 430 4284 Petrus
446 4241 528 4285 habuit
538 4243 665 4297 primatum
678 4255 749 4299 super
761 4246 888 4300 apostolor.

174 4363 214 4415 23.
233 4364 270 4412 St.
290 4366 426 4429 Augustini
447 4365 517 4431 Opp.
536 4376 599 4416 torn.
620 4366 709 4430 11,85.

170 4453 203 4493 De
215 4455 328 4494 retentat·
339 4456 404 4501 ram.
