3008 5026
709 379 880 429 sonamus
898 377 1040 428 wreus*
1232 359 1314 450 [cnr.
1325 373 1368 419 vr.

374 534 547 619 quolibet.
586 535 634 600 Et
655 535 737 598 hinc
760 536 890 599 Petrus
925 543 965 598 ut
997 534 1149 600 solidum
1172 537 1370 600 membrum

373 650 496 704 sancte
527 641 649 705 matris
683 640 835 704 ecclesie
868 640 1049 726 gaudebat
1080 640 1125 703 de
1148 640 1250 704 Pauli
1276 640 1371 704 iusta

375 744 626 828 correpcione;
659 766 732 809 non
765 745 858 809 enim
882 753 1025 828 spectat
1047 748 1091 808 ad
1113 748 1271 809 membra
1295 766 1370 809 cor-

374 850 474 933 poris
506 870 680 933 usurpare
716 851 777 913 vel
808 870 1065 913 remurmurare
1104 860 1227 913 contra
1258 850 1372 914 aliena

158 970 190 1015 So
206 970 289 1013 suouu
305 971 322 1013 u
338 955 500 1018 beofficia.
526 956 574 1019 Et
593 956 645 1019 sic
665 956 809 1019 videtur
833 955 939 1018 michi
963 957 1059 1037 quod
1083 954 1234 1038 quilibet
1256 965 1396 1019 sacer-5

183 1022 240 1065 with
255 1022 340 1078 priests

197 1074 327 1170 nonwhffigo
377 1061 443 1123 dos
482 1062 592 1124 debet
629 1079 709 1123 esse
748 1061 815 1124 sub
851 1080 923 1123 non
962 1061 1075 1142 gradu
1111 1061 1302 1142 potestatis
1335 1069 1373 1124 et

179 1180 250 1276 qq}
263 1180 291 1276 {¹}
302 1181 341 1275 ἓξ
377 1165 595 1229 auctoritatis
623 1164 802 1246 secularis,
827 1174 863 1229 et
890 1185 979 1248 pure
1003 1165 1038 1227 in
1061 1165 1203 1229 nomine
1226 1164 1374 1228 Domini

224 1283 296 1330 Lora.
376 1269 565 1353 precipere
598 1270 649 1334 sic
682 1272 741 1333 vel
774 1269 825 1334 sic
858 1271 990 1341 facere;
1025 1272 1122 1353 quod
1155 1270 1186 1333 si
1213 1270 1260 1334 sit
1287 1271 1373 1334 anti·

378 1374 541 1452 christus
572 1376 767 1438 membrum
801 1375 947 1458 dyaboli
979 1374 1039 1437 vel
1073 1375 1175 1438 aliter
1198 1372 1373 1457 Scarioth,

377 1499 450 1541 non
472 1479 582 1542 habet
605 1479 756 1562 aliquam
777 1479 980 1542 huiusmodi
1003 1488 1228 1561 potestatem.
1266 1479 1373 1542 Unde
1386 1500 1418 1537 ιο

377 1591 417 1646 ut
440 1603 529 1665 sepe
551 1583 697 1666 repecii‚
721 1604 811 1666 pure
835 1585 881 1647 de
905 1592 1003 1648 tanto
1027 1585 1139 1647 debet
1161 1584 1373 1649 christianus

377 1687 527 1770 implere
551 1690 647 1770 quod
670 1688 836 1771 precipit.

196 1791 332 1845 Obi⁸⁶¹¹⁰¹¹²
423 1791 496 1856 Sed
521 1801 644 1856 contra
666 1793 752 1856 illud
774 1794 778 1879 Ι
799 1793 957 1876 arguitur
978 1814 1045 1876 per
1067 1795 1136 1857 hoc
1153 1795 1251 1877 quod
1272 1794 1375 1860 iuxta
1408 1799 1466 1871 189⁶

174 1842 359 1940 ''cddiffiiffl
380 1897 473 1960 dicta
511 1899 628 1960 nullus
667 1898 853 1980 apostolus
891 1899 950 1959 vel
989 1898 1253 1979 predestinatus
1287 1900 1376 1964 citra

169 1948 363 2045 {sslhssnssffi
380 2002 555 2066 Christum
590 2011 645 2065 est
669 2002 809 2065 maioris
842 2002 1061 2066 auctoritatis
1085 2024 1188 2085 quam
1213 2004 1374 2088 quilibet,
1389 2012 1417 2063 15

380 2110 477 2189 quod
501 2108 739 2171 confunderet
763 2109 894 2189 gradus
912 2107 1065 2170 ecclesie
1083 2119 1119 2171 et
1134 2108 1210 2171 iura
1225 2111 1375 2193 papalia,

380 2233 458 2276 cum
481 2213 573 2276 sicut
588 2213 718 2277 Petrus
743 2221 779 2276 et
802 2213 915 2276 ceteri
938 2213 1093 2295 apostoli
1114 2213 1256 2278 fuerunt
1277 2214 1374 2297 paris

380 2317 609 2392 auctoritatis
648 2318 699 2380 sic
738 2318 850 2380 debet
888 2338 968 2381 esse
1011 2338 1105 2400 papa
1148 2327 1185 2381 et
1223 2319 1376 2401 quilibet

380 2430 523 2484 sanctus
557 2423 760 2506 episcopus
797 2444 881 2507 ymo
917 2422 1067 2505 quilibet
1100 2424 1375 2505 predestinatus.

379 2525 452 2589 Ubi
474 2526 582 2610 igitur
604 2527 699 2591 foret
726 2528 863 2610 papalis
892 2528 1076 2591 sentencia
1099 2529 1144 2590 de
1177 2527 1374 2593 maioritate
1387 2551 1419 2586 20

381 2639 419 2694 et
442 2631 672 2695 obediencia?

171 2760 194 2791 2.
209 2746 286 2791 There
300 2752 364 2790 must
424 2733 601 2813 Similiter,
629 2737 729 2801 iuxta
757 2737 852 2800 dicta
875 2738 920 2799 de
949 2737 1136 2801 sanctitate
1160 2739 1272 2802 debet
1295 2741 1376 2822 capi

181 2799 347 2907 oiitii‘i‘riii
382 2840 584 2921 auctoritaS,
618 2844 684 2904 sed
706 2862 797 2904 unus
822 2850 878 2905 est
900 2842 1040 2924 reliquo
1064 2843 1235 2925 sanccior,
1267 2843 1376 2928 igitur

170 2905 362 3001 eiindilitne'iin
381 2944 522 3008 maioris
546 2947 764 3010 auctoritatis
789 2968 892 3030 quam
917 2948 1150 3031 evangelium.
1179 2948 1256 3011 Nec
1279 2949 1376 3012 valet

379 3050 515 3113 referre
539 3072 679 3116 omnem
703 3053 950 3116 auctoritatem
974 3074 1064 3135 pure
1088 3055 1132 3117 ad
1143 3053 1269 3129 Deum,
1293 3052 1376 3137 quia
1386 3059 1418 3109 25

380 3164 464 3219 sunt
491 3158 623 3239 gradus
655 3157 913 3238 auctoritatum,
942 3179 1020 3221 cum
1043 3179 1135 3221 unus
1159 3158 1375 3222 constitutus

382 3268 438 3323 est
469 3262 535 3323 sub
570 3261 713 3325 alterius
745 3271 937 3345 potestate,
976 3262 1079 3326 aliter
1111 3263 1203 3326 enim
1240 3262 1376 3345 periret

381 3365 507 3448 regula
532 3366 744 3430 obediencie
776 3368 927 3430 humane
960 3377 996 3430 et
1023 3366 1200 3431 maioritas
1225 3369 1375 3432 auctori·

380 3470 463 3534 tatis
487 3470 647 3534 ecclesie.

165 3587 362 3684 ³ts¹la2⁸i⁰³ili¹n⁸
425 3574 604 3657 Similiter,
630 3576 858 3657 suscipiendo
883 3584 1101 3658 potestatem
1126 3576 1268 3647 ordinis,
1294 3577 1376 3658 quis
1388 3586 1420 3637 30

215 3693 352 3789 ieciima
381 3681 647 3763 suscipitaDeo
658 3688 875 3762 potestatem
887 3688 924 3743 et
934 3679 1376 3763 auctoritatemregiminis,

173 3753 212 3788 ⁸¹¹¹
231 3757 335 3843 illim
384 3785 466 3868 quia
496 3793 716 3869 potestatem
748 3786 920 3868 pascendi
953 3785 1149 3865 ecclesiam,
1187 3785 1283 3868 quod
1321 3794 1377 3849 est

385 3889 556 3973 optimum
593 3888 752 3973 regimen
792 3898 829 3952 et
861 3889 1063 3953 iurisdiccio
1096 3909 1238 3968 summa,
1272 3909 1376 3971 quam

385 3993 545 4059 Christus
561 4013 727 4076 umquam
742 3993 902 4072 instituit,
920 4014 997 4057 cum
1015 3995 1097 4077 plus
1113 3993 1159 4057 sit
1170 3992 1376 4058 differencie

437 4269 470 4314 13.
487 4269 504 4312 Β
519 4270 541 4312 in
558 4281 645 4324 marga
661 4269 771 4313 obiectus
785 4272 816 4313 de
832 4270 983 4313 auctoritatis
997 4270 1147 4321 maioritate;
1165 4270 1188 4314 A
1206 4270 1229 4314 in
1250 4282 1338 4326 marga
1355 4283 1374 4314 1.

384 4352 421 4386 20.
437 4339 527 4385 Codd:
539 4339 630 4395 papali.
687 4352 725 4385 22.
739 4343 761 4383 Α
776 4340 799 4383 in
815 4351 901 4394 marg.:
917 4351 940 4383 2.
995 4338 1032 4385 30.
1048 4341 1069 4384 A
1080 4339 1103 4383 in
1115 4351 1202 4394 marga
1215 4351 1241 4395 3.
