3008 5026
169 384 239 428 cnr.
257 364 311 454 vr]
466 386 510 436 ne
531 382 740 435 potestne
760 384 857 434 enee.

163 543 305 605 racione
316 544 375 604 vel
391 541 486 604 iacto
503 542 694 604 ostendere
710 540 910 603 huiusmodi
925 547 1151 621 potestatem.

163 647 333 730 Apostoli
345 646 438 708 enim
454 645 754 708 sicuthabuerunt
765 652 982 726 potestatem
998 651 1151 706 vexatos

164 773 185 815 a
207 753 350 815 sathana
381 749 564 826 liberandi,
597 748 648 812 sic
682 748 792 812 eciam
824 749 1023 811 habuerunt
1048 755 1151 830 pote·

163 861 290 921 statem
320 855 482 918 tradendi
514 853 669 918 Sathane
706 862 918 938 peccatores
954 851 1152 915 inficientes

1178 871 1228 916 The
1243 870 1346 926 apostles

1175 924 1219 968 had
1236 934 1315 977 power
1329 931 1354 964 to

140 962 360 1027 §ecclesiam
384 960 473 1024 Nam
496 961 580 1024 Mar.
597 960 720 1023 ultimo
746 959 831 1022 dicit
847 957 1018 1022 Christus:
1043 955 1152 1038 Signa
1168 983 1220 1071 quq
1231 973 1360 1070 qqrdqfivqu

164 1072 279 1130 autem
295 1067 425 1146 eosqui
439 1067 655 1140 crediderint,
674 1065 732 1127 hec
745 1068 941 1144 sequentur:
958 1061 999 1124 In
1015 1079 1153 1123 nomme

164 1190 238 1235 meo
261 1173 422 1235 demonia
444 1172 584 1246 eiicieni,
608 1171 738 1251 linguis
753 1170 930 1249 loquentur
951 1168 1057 1241 novis,
1080 1185 1152 1229 ser·

159 1282 277 1359 pentes
300 1278 422 1347 tollent,
451 1280 481 1338 et
507 1277 539 1338 si
566 1274 788 1355 mortiferum
815 1275 899 1354 qnid
920 1273 1063 1335 biberin!
1085 1289 1152 1333 non

165 1383 214 1444 eis
236 1383 370 1444 nocebit.
408 1379 455 1443 Et
482 1388 583 1463 patet
616 1379 650 1442 in
685 1378 836 1441 cronicis
869 1378 966 1460 quod
998 1374 1154 1458 apostoli

127 1486 364 1548 tohabuerunt
400 1483 600 1548 huiusmodi
637 1492 849 1567 potestateS,
893 1492 932 1546 ut
969 1490 1071 1565 patet
1108 1482 1153 1542 de

164 1590 275 1653 Paulo
299 1590 379 1654 Act.
405 1588 543 1669 ultimo;
576 1597 612 1651 et
650 1589 748 1670 quod
773 1587 927 1670 apostoli
953 1587 1154 1649 habuerunt

164 1702 380 1776 potestatem
414 1693 576 1755 tradendi
613 1711 808 1774 perversos
853 1692 1008 1762 sathane,
1052 1697 1153 1771 patet

164 1799 244 1863 Act.
267 1797 301 1859 V
326 1798 371 1859 de
395 1796 532 1859 Anania
564 1804 600 1858 et
623 1795 783 1878 Saphira,
817 1804 852 1858 et
881 1794 992 1878 prima
1016 1793 1094 1857 Cor.
1119 1792 1154 1854 V

165 1903 209 1964 de
242 1900 443 1980 fornicario,
483 1899 544 1982 qui
576 1899 748 1982 cognovit
779 1920 927 1962 uxorem
965 1899 1080 1982 patris
1117 1906 1153 1960 et

69 2011 131 2077 187⁶
164 2005 277 2089 prima
299 2005 409 2069 Thim.
437 2005 554 2087 primo
588 2007 632 2067 de
657 2003 817 2067 Ymeneo
844 2004 848 2088 Ι
875 2014 911 2068 et
933 2004 1152 2076 Alexandro,

165 2129 256 2191 quos
288 2109 488 2192 Apostolus
521 2108 664 2171 tradidit
697 2109 840 2172 sathane
873 2115 1024 2191 propter
1055 2108 1151 2170 blas-

165 2212 349 2296 phemiam.

208 2317 307 2396 Item,
331 2319 526 2381 secundum
549 2318 763 2401 Apostolum
786 2317 898 2399 prima
921 2316 1000 2380 Cor.
1025 2315 1109 2398 XII,
1134 2334 1152 2391 4

164 2423 348 2485 divisiones
365 2424 573 2504 graciarum
605 2427 693 2500 simi,
717 2442 804 2505 quas
830 2421 1005 2484 Dominus
1029 2420 1155 2483 dividit

125 2525 315 2608 20singulis
338 2536 447 2610 prout
469 2530 559 2600 vult:
584 2535 617 2590 et
639 2527 698 2589 ille
722 2527 841 2611 gracie
868 2526 926 2588 vel
950 2533 1032 2589 sunt
1055 2535 1153 2607 pote·

166 2640 276 2696 states
293 2632 350 2694 vel
369 2632 412 2693 ad
427 2640 626 2713 potestates
643 2639 913 2712 consequentes,
938 2628 1047 2710 igitur
1062 2627 1155 2691 sicut

166 2755 237 2798 non
270 2755 393 2799 omnes
430 2735 656 2819 parificantur
692 2737 728 2799 in
760 2734 898 2820 graciis,
937 2733 988 2796 sic
1021 2752 1088 2795 nec
1118 2731 1155 2794 in

166 2848 355 2922 potestate.
394 2839 471 2903 Nec
493 2841 590 2903 valet
619 2841 737 2903 dicere
766 2841 863 2923 quod
890 2837 1005 2901 nostri
1028 2837 1156 2920 prelati

168 2946 202 3006 in
226 2952 406 3027 potestate
429 2944 601 3028 precipua
631 2956 712 3008 sunt
735 2966 840 3028 pares
864 2942 1046 3026 apostoliS,
1074 2941 1156 3023 quia

127 3050 302 3112 25summa
325 3059 487 3132 potestas
512 3070 682 3115 concessa
706 3049 895 3113 christiano
925 3059 995 3114 stat
1017 3050 1053 3112 in
1074 3051 1154 3123 hoc,

169 3155 266 3236 quod
304 3153 351 3217 sit
381 3154 452 3218 Dei
489 3154 581 3218 filius
613 3154 813 3238 adoptivus,
854 3173 932 3217 curn
966 3154 1041 3217 aliis
1071 3153 1156 3217 inde

168 3257 413 3339 sequentibus,
451 3267 489 3322 ut
527 3269 614 3336 puta
646 3261 743 3342 quod
775 3259 1011 3323 constituatur
1048 3277 1157 3341 super

168 3362 284 3425 omnia
307 3364 401 3424 bona
423 3363 502 3425 Dei.
528 3361 602 3427 Sed
627 3384 673 3426 ex
697 3364 805 3427 dubio
831 3362 993 3446 cuiquam
1017 3364 1155 3446 prelato

167 3474 292 3529 nostro
330 3465 484 3550 simplex
522 3468 646 3550 ydiota
683 3468 752 3531 sibi
789 3467 972 3531 subiectus
1014 3468 1050 3531 in
1087 3469 1156 3531 hoc

127 3576 159 3627 30
168 3569 284 3652 ipsum
305 3581 488 3653 exuperat,
504 3570 614 3654 igitur
628 3591 700 3635 non
715 3571 751 3634 iu
766 3573 835 3635 hoc
852 3573 963 3635 debet
984 3590 1156 3654 pompare

168 3676 213 3736 de
246 3675 508 3756 preeminencie
539 3677 741 3758 potestatis,
774 3695 856 3758 ymo
890 3675 920 3738 si
956 3675 1158 3757 parificatur

168 3779 343 3861 apostolis
365 3781 401 3842 in
424 3788 605 3862 potestate
638 3780 856 3843 ministrandi
879 3789 1096 3843 sacramenta
1120 3789 1157 3843 et

168 3882 309 3947 aliunde
327 3884 482 3966 apostoli
505 3885 621 3967 ipsum
638 3893 878 3964 excesserant,
900 3883 1043 3947 videtur
1058 3884 1157 3966 quod

225 4204 242 4236 ι.
258 4193 287 4236 tt:
301 4193 366 4236 modi
379 4194 452 4237 deest.
507 4193 528 4238 6.
545 4195 633 4238 codd:
647 4199 785 4250 sequuntur.
840 4203 860 4246 7.
877 4193 965 4236 Codd:
981 4193 1115 4247 loquuntur.

223 4328 246 4382 5.
265 4319 344 4370 Marc.
363 4318 430 4379 XVI,
454 4317 561 4382 17-18.

1188 1079 1305 1123 offenders
1319 1085 1342 1120 to

1224 1132 1303 1176 Satan.

1194 2330 1231 2373 ΑΙΙ
1247 2341 1285 2373 are
1300 2336 1340 2372 not

1177 2383 1235 2425 alilre
1249 2383 1273 2425 in
1286 2393 1354 2434 grace

1203 2447 1231 2478 or
1245 2445 1331 2487 power.
