3008 5026
199 407 268 454 cnr.
284 393 349 482 vn]
496 414 542 465 ns
560 414 772 467 Porssmrn
791 417 890 467 pnes.

195 568 277 632 Deo
294 571 553 652 correspondet
569 571 693 648 unitas
708 570 849 636 Christo
865 571 1021 635 binarius
1038 578 1186 654 propter

195 672 437 757 duplicitatem
477 683 688 756 naturarum,
730 696 808 740 cum
841 676 1039 740 humanitas
1067 675 1103 738 in
1125 696 1185 758 po·

194 778 310 842 tencia
337 777 405 841 fuit
431 778 500 843 sibi
525 799 669 862 semper
696 780 874 862 adaptata,
907 779 1069 843 trinarius
1097 799 1185 844 vero

195 882 456 965 correspondet
482 883 623 963 homini,
652 904 731 948 cum
754 884 801 948 sit
824 884 1002 964 memoria,
1028 884 1124 947 racio
1149 892 1187 948 et

170 989 369 1069 5voluntas,
398 989 643 1071 quaternarius
666 997 784 1053 autern
808 990 1068 1072 correspondet
1090 988 1185 1052 carni

194 1092 254 1154 vel
281 1094 423 1176 corpori
451 1095 549 1176 quod
576 1093 704 1158 dicitur
736 1115 784 1158 ex
816 1104 969 1177 quatuor
999 1093 1184 1177 principiis

195 1196 332 1261 scilicet
354 1199 521 1280 punctali,
545 1199 677 1278 lineari,
700 1199 915 1282 superficiali
931 1209 968 1262 et
982 1197 1184 1282 profundali

195 1303 255 1364 vel
278 1312 430 1385 quatuor
453 1304 588 1385 electis,
613 1304 817 1388 colligendo
842 1314 960 1368 autem
983 1324 1089 1368 unum
1113 1308 1185 1365 duo

195 1406 262 1470 tria
285 1417 437 1489 quatuor
460 1409 681 1472 constituunt
703 1412 838 1473 decem.
878 1407 953 1474 Sed
979 1417 1102 1473 natura
1123 1408 1185 1470 hu·

154 1533 185 1566 10
195 1530 296 1573 mana
323 1513 514 1594 egrediens
538 1513 719 1576 denarium
744 1533 792 1576 ex
814 1511 1103 1596 prevaricacione
1127 1511 1185 1574 de-

196 1615 311 1697 calogi
339 1616 392 1696 (ut
414 1616 544 1681 dicitur
566 1637 643 1700 cap.
667 1617 812 1700 XXIII,
835 1616 870 1679 V
892 1617 1007 1696 huius)
1035 1615 1186 1697 indiguit

194 1719 418 1799 reformante,
464 1720 547 1785 ideo
598 1722 773 1786 mediator
807 1722 877 1785 Dei
920 1730 958 1784 et
997 1720 1186 1799 hominum,

195 1844 349 1907 sponsus
373 1835 411 1889 et
425 1826 595 1891 formator
619 1828 782 1904 ecclesie,
807 1847 938 1910 corpus
962 1846 1063 1889 suum
1087 1825 1185 1908 quod

195 1937 252 1993 est
284 1932 529 2012 quaternarius
562 1933 665 1996 duxit
696 1933 732 1996 in
764 1932 896 1996 dictum
929 1931 1112 1995 denarium
1149 1936 1186 1992 et

154 2035 362 2117 15passione
395 2057 461 2100 sua
490 2038 642 2101 redemit
674 2038 870 2101 ecclesiam.
912 2037 960 2100 Et
989 2036 1057 2098 hec
1088 2033 1185 2097 racio

195 2158 302 2219 quare
334 2140 506 2205 ieiunavit
537 2143 769 2225 quadraginta
806 2142 944 2206 diebus.
991 2139 1065 2203 Sed
1103 2138 1184 2221 quia

194 2244 492 2326 quadragenarius
515 2249 691 2310 resultans
715 2267 763 2309 ex
786 2247 895 2309 ductu
912 2243 1127 2328 quaternarii
1149 2242 1184 2305 in

193 2346 373 2411 denarium
396 2350 506 2414 habet
528 2359 669 2433 septem
692 2359 814 2433 partes
832 2350 1019 2432 aliquotas,
1043 2357 1082 2410 ut
1096 2346 1184 2425 XX,

191 2449 241 2532 X,
257 2450 357 2529 VIII,
373 2452 417 2535 V,
432 2452 495 2536 IV,
512 2453 559 2531 II,
577 2454 604 2536 I,
629 2475 699 2537 que
720 2455 899 2537 integrant
918 2451 1183 2536 quinquaginta,

149 2575 183 2610 20
191 2554 258 2616 iam
269 2566 354 2637 post
362 2559 647 2623 resureccionem
658 2559 889 2643 quadraginta
899 2559 1025 2620 diebus
1036 2575 1185 2638 exspec-

192 2659 282 2723 tavit
303 2663 547 2726 ascensionem
563 2673 601 2726 et
615 2672 700 2746 post
720 2665 846 2727 decern
867 2663 944 2726 dies
960 2661 1184 2725 reformatam

193 2765 379 2828 ecclesiam
395 2767 625 2843 confirmavit,
649 2767 822 2831 mittendo
844 2768 1088 2830 consolantem
1106 2763 1183 2848 Spi-

192 2868 297 2931 ritum
321 2871 415 2934 dono
440 2872 675 2955 septemplici.
700 2871 774 2937 Sed
798 2882 924 2954 quarto
947 2871 1064 2935 dictus
1082 2890 1183 2934 cesar

193 2992 336 3056 semper
368 2985 540 3058 augustus
572 2978 833 3058 augmentando
868 2996 1011 3059 semper
1035 2994 1182 3057 pregre·

149 3080 180 3132 25
192 3077 293 3141 diens
304 3079 432 3143 dictam
449 3080 644 3159 ecclesiam,
656 3058 887 3160 consumavit,
898 3082 1040 3164 quando
1051 3081 1183 3143 dictum

193 3182 535 3266 quinquagenarium
558 3186 762 3268 triplicavit,
787 3186 884 3268 quod
901 3185 1083 3249 constituit
1101 3205 1182 3249 cen·

194 3294 266 3349 tum
299 3288 555 3373 quinquaginta
588 3299 625 3353 et
656 3290 692 3353 in
725 3291 914 3355 eternitate
953 3300 1055 3353 extra
1086 3291 1184 3353 illum

193 3410 375 3456 numerum
398 3395 629 3474 beatificavit;
664 3395 762 3478 quod
788 3395 838 3476 fit,
863 3414 942 3458 cum
964 3395 1066 3477 fides,
1098 3414 1183 3477 spes

194 3505 231 3559 et
263 3497 390 3562 caritas
423 3500 539 3564 tocius
572 3499 725 3563 ecclesie
767 3500 885 3582 quoad
917 3498 1079 3562 miliciam
1104 3519 1184 3561 con·

150 3606 183 3655 30
194 3610 358 3668 sumatur.
389 3603 514 3667 Pisces
537 3604 645 3686 igitur
669 3613 794 3687 captos
816 3625 838 3666 a
861 3603 988 3687 spiritu
1010 3603 1184 3685 predesti-

193 3718 299 3772 nante
313 3708 508 3773 ministerio
523 3709 743 3774 hortancium
758 3710 803 3771 ad
818 3711 914 3771 bona
924 3708 1044 3791 gracie
1054 3707 1184 3770 Petrus

106 3810 166 3882 199⁶
193 3814 298 3876 trahit
329 3814 365 3877 in
385 3813 390 3898 1
409 3823 540 3878 terram
570 3813 779 3894 vivencium,
812 3813 957 3895 quando
992 3832 1104 3894 usque
1136 3812 1182 3874 ad

246 4103 267 4134 ι.
282 4096 429 4136 naturarum.
448 4091 465 4134 Β
480 4092 502 4135 ln
519 4103 604 4146 marg:
623 4092 659 4134 vel
672 4092 756 4136 anime.
811 4101 832 4146 7.
845 4090 958 4145 punctuli.
979 4087 1068 4133 codd:
1086 4089 1183 4145 peccati.

193 4163 254 4217 Aug.
271 4163 284 4204 l.
301 4173 319 4205 c.
332 4193 354 4206 ..
368 4196 372 4205 .
386 4162 465 4217 ,quod
476 4162 618 4216 progressio
632 4172 648 4204 a
664 4164 750 4216 puncto
763 4160 797 4203 ad
809 4159 988 4214 longitudinem,
1006 4170 1021 4202 a
1036 4157 1185 4214 longltudr'ne

193 4231 226 4274 ad
239 4232 401 4275 latitudinem.
414 4263 436 4275 ..
491 4243 527 4275 ro.
545 4243 578 4275 rr.
595 4231 624 4273 B:
640 4230 805 4286 quadragina
820 4252 845 4260 -
858 4230 1019 4273 ascensionem
1033 4229 1103 4272 deest.

251 4373 288 4408 11.
308 4359 346 4408 De
366 4360 442 4413 Civili
462 4359 587 4409 Domini0
607 4357 647 4418 ΙΙΙ,
665 4355 726 4420 485.

1342 413 1401 474 ¹55

1229 738 1234 748 .
1243 686 1345 748 Various

1215 741 1382 794 significatione

1217 791 1380 888 totismdiiivn

1215 897 1315 941 number
1330 894 1379 941 15³.

1234 3523 1284 3567 The
1299 3524 1369 3568 tisher

1214 3588 1252 3619 ere
1267 3578 1304 3621 the
1319 3577 1384 3621 elect.
