3008 5026
187 424 257 472 cer.
270 409 302 498 1.]
484 429 530 480 oe
549 429 761 481 roresrsre
784 428 882 480 eure.
1375 435 1393 496 7

188 586 400 650 divisionem
432 586 664 669 multiplicem
688 596 725 651 et
747 585 917 650 terminos
941 587 1177 670 magistrales,
1200 603 1217 648 ir
1231 603 1376 699 iskprfldpany

188 699 227 754 ut
259 689 327 753 alia
359 699 415 754 est
446 699 609 772 potestas
642 690 785 769 ordinis,
817 691 884 753 alia
914 690 1096 773 regiminis
1119 696 1178 756 vel
1327 687 1333 700 '

187 794 458 872 iurisdiccionis,
501 795 567 858 alia
603 804 770 878 potestas
808 795 996 872 autentica,
1039 805 1076 860 et
1112 797 1178 861 alia

188 899 318 963 vicaria
340 901 399 962 vel
423 900 621 964 commissa.
659 901 707 965 Et
727 901 889 964 breviter
911 902 1106 965 secundum
1130 902 1177 966 di·

162 1005 421 1068 lstinccionem
454 1024 604 1087 operum
636 1014 693 1070 est
730 1004 916 1069 distinccio
948 1014 1177 1088 potestatum

187 1108 374 1172 Famosior
406 1118 525 1173 autem
558 1109 745 1173 distinccio
777 1109 968 1192 potestatis
992 1111 1178 1193 pertinens

186 1211 268 1275 huic
290 1212 483 1295 proposito
507 1223 563 1277 est
585 1215 644 1278 illa
666 1235 771 1297 quam
793 1214 908 1297 tangit
929 1214 1038 1298 Hugo
1061 1215 1098 1279 H
1120 1218 1177 1281 De

188 1316 440 1399 sacramentis,
472 1327 575 1401 parte
598 1318 634 1382 H
659 1318 815 1402 capitulo
840 1319 903 1400 IV,
933 1320 1057 1384 dicens
1080 1323 1179 1404 quod

186 1422 274 1485 sicru
296 1423 421 1504 duplex
452 1428 500 1486 est
522 1425 594 1486 uita
615 1425 783 1499 hominis·
804 1425 875 1487 uita
897 1430 1037 1488 terreno
1062 1443 1178 1508 corpo·

147 1527 276 1589 roralis
312 1529 363 1590 uel
393 1529 578 1606 naturalis,
610 1529 685 1591 alia
730 1530 860 1592 celestis
895 1529 1092 1610 spiritualis
1127 1533 1179 1594 vel

186 1632 476 1712 supernaturalis,
499 1633 549 1695 sic
570 1634 696 1714 duplex
715 1638 763 1696 est
780 1637 942 1714 potestas.
966 1633 1093 1698 Primo
1108 1637 1179 1699 vito

187 1753 312 1816 corpus
343 1737 423 1799 vivit
445 1754 484 1799 ex
505 1738 638 1817 auimo,
671 1738 822 1801 secunda
854 1756 933 1800 vero
960 1739 1030 1801 vito
1057 1741 1180 1803 anima

187 1840 268 1902 vivit
291 1857 329 1902 er
351 1838 423 1903 Deo
446 1842 570 1923 illapso
589 1860 656 1924 per
676 1843 850 1923 graciam,
884 1847 914 1904 el
941 1847 1086 1924 utroque
1107 1846 1180 1908 uita

187 1961 290 2006 suum
322 1944 447 2007 bouum
479 1944 576 2008 habet
607 1964 671 2026 quo
695 1950 871 2027 vegetatur
896 1950 926 2009 et
947 1949 1112 2025 nutritur,
1142 1954 1180 2012 ut

148 2059 177 2111 15
183 2048 294 2128 possit
316 2048 513 2123 subsistere;
534 2055 572 2112 ul
594 2055 709 2113 autem
733 2050 769 2112 iu
793 2054 936 2130 utraque
949 2052 1021 2113 uita
1042 2053 1180 2116 iusticia

187 2158 349 2232 servetur,
372 2157 420 2216 est
442 2155 529 2217 dure
550 2156 738 2218 seeundum
762 2155 850 2218 duos
872 2157 1032 2238 populoS,
1055 2157 1180 2221 scilieet

188 2259 318 2321 clerum
335 2261 365 2320 et
379 2258 496 2339 laicos,
520 2260 690 2341 duplicem
702 2263 915 2341 potestatem,
937 2260 1063 2323 scilicet
1076 2261 1179 2343 spiri-

189 2363 317 2425 tualem
349 2366 380 2424 et
408 2364 618 2439 secularem
648 2368 678 2426 et
709 2364 745 2426 iu
778 2368 924 2444 utraque
947 2365 1079 2428 diversi
1099 2371 1179 2429 suut
1223 2373 1301 2419 There
1315 2386 1355 2418 are

184 2468 323 2547 gradus
337 2471 368 2530 et
382 2468 521 2530 ordines
534 2472 751 2548 potestatum,
773 2469 836 2531 sub
850 2487 919 2531 uuo
938 2473 1053 2531 tomen
1069 2471 1179 2551 cupite
1189 2425 1396 2523 'iffi‘iic‘i'ffii

146 2593 179 2630 20
188 2571 322 2634 ecclesie
344 2573 515 2653 utrimque
537 2573 721 2655 distributi,
750 2578 780 2636 et
802 2575 904 2654 quasi
926 2574 970 2635 ab
993 2591 1061 2636 uuo
1079 2575 1178 2655 priu-
1191 2530 1398 2680 ι’(τὲκτῗξξέσῗέξῗῖ

188 2676 276 2756 cipio
299 2675 435 2740 deducti
457 2683 488 2740 et
510 2679 557 2740 ad
580 2697 689 2741 uuum
712 2680 824 2741 relati.
863 2678 1012 2741 Terrena
1030 2649 1206 2760 poteslasp
1225 2649 1254 2692 ΡΘ
1374 2645 1397 2688 ⁸⁸

189 2785 293 2861 caput
306 2781 403 2845 habel
417 2794 533 2863 regem
550 2783 587 2845 iu
603 2784 716 2864 terrie,
726 2783 813 2845 sicut
821 2783 1020 2864 spiritualis
1032 2787 1182 2864 potestas

189 2904 367 2949 summum
387 2887 592 2967 pontificem.
617 2884 690 2950 Sed
715 2885 905 2949 difficultas
921 2886 1110 2950 scolastica
1126 2896 1184 2952 est

136 2978 140 2987 ’
191 2990 371 3072 quomodo
385 2990 455 3053 iste
472 2999 676 3073 potestates
693 2993 764 3055 due
781 2990 938 3054 describi
954 2991 1123 3071 debeant3
1147 3000 1184 3056 et

148 3104 180 3155 25
191 3093 333 3157 videtur
361 3094 554 3176 Hugonem
584 3095 732 3159 innuere
773 3096 873 3177 quod
904 3094 1095 3178 spiritualis
1119 3115 1183 3178 po·

191 3207 303 3262 testas
335 3199 382 3262 sit
412 3209 575 3283 potestas
609 3200 730 3264 clerici
753 3200 798 3263 ad
821 3199 1044 3282 dirigendum
1072 3201 1184 3263 eccle·

192 3302 287 3385 siam,
303 3311 342 3366 ut
355 3305 450 3367 bene
468 3303 566 3367 vivat
580 3303 654 3368 vita
669 3303 854 3386 spirituali.
878 3303 1047 3368 Potestas
1068 3312 1185 3367 autem

192 3407 361 3470 secularis
385 3409 444 3471 vel
474 3417 616 3472 terrena
648 3406 694 3471 sit
724 3416 889 3491 potestas
922 3407 1001 3471 laici
1033 3409 1076 3471 ad
1106 3408 1185 3474 diri·

192 3512 350 3594 gendum
384 3512 582 3590 ecclesiam,
614 3521 655 3577 ut
686 3514 781 3576 bene
808 3512 903 3576 vivat
925 3512 998 3576 vita
1029 3513 1185 3578 naturali

105 3624 165 3677 163·
191 3615 239 3679 Et
253 3616 387 3680 habent
402 3616 472 3681 iste
488 3625 690 3700 potestates
701 3636 783 3680 suas
804 3616 808 3700 Ι
828 3618 930 3701 leges
947 3636 987 3680 ac
1003 3618 1099 3681 bona
1114 3637 1186 3695 sua,
1225 3610 1226 3614 ’

193 3719 239 3783 de
271 3721 402 3804 quibus
433 3721 680 3805 principaliter
711 3721 961 3802 intromittunt,
998 3731 1039 3786 ut
1075 3721 1186 3785 laicus

247 4061 270 4106 9.
294 4050 335 4093 ΑΒ
359 4049 383 4094 in
408 4061 496 4104 merga
525 4048 576 4093 Vita
603 4049 706 4093 hominis
732 4048 827 4105 duplex,
854 4048 971 4093 naturalis
998 4053 1021 4093 et
1045 4047 1186 4103 spirituale.

197 4130 229 4163 ιι.
243 4118 285 4162 AB
299 4118 323 4163 in
339 4131 426 4172 mare:
442 4119 548 4163 Potestas
562 4119 654 4175 duplex.

249 4291 324 4344 1-4.
348 4281 437 4330 Hussii
461 4280 531 4346 Opp.
556 4281 572 4333 1.
596 4296 619 4334 c.
689 4291 715 4345 7.
739 4281 817 4346 Hugo
846 4282 880 4332 de
902 4282 928 4333 S.
946 4281 1060 4344 Victore,
1089 4278 1187 4330 Petrei.

195 4382 265 4419 curs.
284 4368 380 4433 compl.
400 4378 416 4418 t.
441 4367 496 4432 176,
515 4383 539 4434 p.
558 4367 618 4429 418.
638 4368 754 4435 Loosely
773 4367 884 4433 quoted.
