3008 5026
676 403 847 454 tonsurus
866 403 1006 454 wuclli·
1195 380 1279 472 [cur.
1299 397 1342 442 lx.

349 559 642 622 christianismum
659 561 927 641 cepuclonuuiuuc
943 561 1098 623 oliorum
1115 560 1342 623 ecclesiarum

348 663 570 744 constitueret,
594 665 722 726 cederet
745 665 863 728 celeris
880 665 1030 747 peribus
1052 664 1251 746 capitalius
1265 663 1340 726 Ro-

349 785 452 831 mane
474 769 617 832 ecclesie.
656 768 837 833 Horribile
861 768 982 850 itaque
1005 777 1112 850 atque
1135 767 1342 831 necessario

349 871 554 935 defectibile
578 872 843 936 fundamentum
868 872 1020 936 ecclesie
1042 872 1226 936 aseculari
1245 872 1343 954 prin-

349 975 430 1058 cipe
453 975 502 1038 ita
523 976 714 1041 inductum.
752 976 933 1059 Numquid
956 977 1132 1040 credimus
1156 978 1253 1058 quod
1274 977 1369 1039 hu-5

348 1099 452 1143 mana
483 1080 619 1143 eleccio
654 1082 735 1163 plus
767 1081 852 1145 iuris
890 1102 957 1165 per
995 1102 1034 1145 se
1073 1081 1195 1145 tribuit
1234 1101 1342 1162 quam

350 1183 481 1248 Christi
512 1184 669 1247 eleccio?
708 1184 838 1249 Christi
869 1194 987 1249 autem
1020 1184 1155 1248 eleccio
1184 1204 1255 1247 non
1283 1193 1344 1247 est

349 1309 416 1371 per
438 1309 477 1352 se
502 1289 683 1353 sufficiens
708 1291 752 1353 ad
774 1290 1061 1353 constituendum
1081 1308 1342 1371 quamcumque

147 1424 211 1469 Eue„
227 1423 326 1468 chris„
349 1402 488 1474 partem
512 1394 676 1470 ecclesie,
706 1413 784 1457 cum
808 1394 997 1476 requiritur
1021 1401 1145 1457 eterna
1169 1392 1342 1475 predesti-

133 1476 340 1626 οῗῖξὶἓῗέᾦῗῃῗὲξη
350 1497 451 1560 nocio
485 1517 564 1560 cum
597 1498 717 1581 gracia
749 1507 991 1562 consumente.
1029 1497 1075 1561 Et
1106 1497 1187 1560 hinc
1230 1497 1341 1560 credo
1359 1524 1388 1555 ιι,

132 1581 447 1683 ,ξῐῖυἷξῗῗξῗῧξᾳυοά
471 1601 529 1664 ille
553 1601 614 1683 qui
637 1602 742 1665 nichil
758 1603 842 1665 facit
859 1623 905 1664 ex
931 1601 1174 1665 indifferencia
1195 1600 1343 1682 reliquit

350 1706 454 1768 nobis
479 1707 681 1789 exemplum
706 1707 750 1768 ad
767 1707 1065 1769 consenciendum
1082 1706 1141 1768 isti
1157 1703 1341 1769 sentencie

350 1830 417 1892 per
436 1812 503 1872 hoc
524 1812 621 1892 quod
635 1811 787 1892 ipsemet
800 1810 909 1894 elegit
919 1812 1121 1894 dyabolum.
1136 1810 1214 1888 Joh.
1224 1808 1287 1884 VI,
1300 1828 1337 1888 71

352 1914 492 1977 dicitur:
518 1914 636 1977 Nonne
659 1917 838 1978 duodecim
862 1934 921 1979 vos
944 1917 1028 1995 clegi
1044 1920 1073 1978 el
1090 1933 1179 1976 uuus
1195 1933 1233 1976 ex
1248 1914 1343 1976 uobis

350 2018 513 2098 dyabolus
536 2020 607 2082 est?
633 2019 759 2082 'sercio
784 2020 932 2083 docetur
953 2019 1075 2081 eadem
1094 2017 1277 2080 sentencia
1293 2036 1341 2078 ex
1358 2030 1386 2080 ιδ,

352 2123 493 2185 decreto
517 2122 613 2185 beati
636 2123 818 2206 Jeronymi
842 2123 962 2206 posito
987 2122 1120 2184 XXIV
1143 2121 1284 2204 questio
1306 2120 1339 2183 I:

355 2225 526 2307 Quoniam
555 2233 647 2290 uellus
674 2230 798 2309 oricus,
832 2227 892 2290 ubi
922 2227 1045 2290 dicens
1072 2225 1209 2289 mistice
1232 2226 1343 2287 multa

352 2332 643 2394 commendabilia
687 2333 731 2394 de
766 2332 929 2395 Romana
968 2332 1120 2394 ecclesia
1157 2328 1343 2409 subiungit

351 2434 606 2511 condicionem,
630 2456 734 2517 quam
761 2445 906 2519 oportet
932 2437 976 2499 de
1004 2435 1084 2517 ipsa
1108 2433 1340 2517 subintelligi:

351 2538 509 2618 Faliscut,
533 2538 657 2621 inquit,
681 2542 815 2604 intvidiu
835 2541 987 2604 Romani
1009 2542 1182 2620 culruiuls,
1206 2539 1341 2601 reccdul
1354 2568 1388 2600 ιι.

352 2644 515 2719 απιὸτῖεἱο,·
550 2663 628 2707 cum
666 2664 857 2708 successore
893 2647 1075 2726 piscatoris
1112 2649 1141 2707 el
1174 2644 1340 2723 discipulo

354 2745 479 2812 Christi
506 2749 641 2829 loquor:
669 2748 716 2811 Et
745 2748 926 2812 concludit
953 2749 987 2812 in
1012 2748 1090 2813 fine.
1133 2748 1342 2830 Quicumque

350 2856 460 2914 lecum
483 2871 551 2915 uon
574 2854 711 2935 colligit,
735 2855 875 2935 mergit,
898 2855 958 2917 hoc
981 2859 1028 2917 est
1049 2853 1108 2933 quii
1126 2851 1253 2916 Clu‘isll
1273 2870 1339 2914 nou

351 2961 408 3033 cst,
432 2956 632 3020 Anticlu‘isli
655 2965 711 3021 esl.
735 2958 774 3020 In
800 2978 868 3040 qua
890 2959 973 3040 lege
995 2967 1077 3020 sunt
1093 2956 1160 3021 tria
1175 2957 1341 3026 notanda,

160 3093 211 3136 ῃ,ο
226 3093 313 3137 nomm
351 3059 464 3141 primo
489 3063 585 3141 quod
601 3063 764 3125 Romana
788 3063 938 3125 ecclesia
962 3072 1016 3125 est
1044 3063 1256 3144 ubicumque
1282 3061 1338 3123 ha·
1354 3076 1387 3125 εδ

177 3144 306 3241 ξ’ἶξζῖξῗεῗ
350 3163 517 3226 bitaverit
540 3165 752 3230 universitas
776 3166 932 3230 fidelium
955 3167 1140 3243 viatorum,
1168 3166 1219 3229 sic
1242 3167 1342 3248 quod

137 3251 280 3346 mssssalllfffi
291 3249 341 3346 ἷξε,
352 3268 382 3330 si
421 3269 489 3331 iam
533 3290 602 3333 non
644 3280 741 3334 esset
781 3271 868 3334 alius
899 3272 1084 3335 Romanus
1121 3270 1341 3346 christianus,

353 3373 466 3436 adhuc
498 3373 624 3438 fideles
657 3375 822 3438 conversi
855 3396 874 3438 a
907 3395 1131 3458 quocumque
1164 3376 1341 3458 apostolo,

354 3477 435 3559 quia
467 3489 548 3541 sunt
581 3478 745 3562 discipuli
776 3479 875 3543 Petri
903 3488 940 3541 et
963 3479 1073 3556 Pauli,
1107 3478 1167 3561 qui
1198 3478 1343 3542 fuerunt

353 3581 517 3656 Romani,
549 3593 702 3664 possunt
734 3584 804 3646 dici
835 3585 998 3647 Romana
1036 3584 1204 3660 ecclesiu;
1243 3592 1388 3647 tantaso

353 3706 504 3769 namque
521 3687 587 3750 fuit
604 3687 732 3750 Christi
756 3698 793 3751 et
816 3690 969 3751 omnium
986 3689 1229 3771 apostolorum
1242 3687 1245 3757 l
1258 3708 1341 3751 con·
1372 3697 1437 3764 215³·

406 3990 427 4034 7.
444 3978 518 4023 Codd.
539 3980 562 4022 in
578 3992 665 4036 maru:
689 3981 781 4025 Eleceio
803 3983 905 4024 nunctum
927 3993 974 4025 nou
996 3987 1031 4025 ert
1050 3980 1137 4038 efficax
1156 3982 1187 4024 ud
1200 3981 1341 4038 faciendum

355 4050 451 4104 dignum
469 4050 595 4104 prelatum.
655 4063 687 4106 ις).
711 4051 740 4094 B:
763 4052 791 4094 de
811 4053 862 4106 ipsu
883 4052 953 4094 deest.
1015 4064 1051 4095 uo.
1075 4050 1342 4107 &sciscitaremus

353 4121 386 4162 A:
398 4120 671 4175 cessetsuperscriptum.
722 4133 757 4173 24.
775 4121 863 4164 codd:
880 4122 952 4175 leues.
1003 4120 1041 4164 30.
1061 4120 1136 4164 code.
1151 4121 1173 4162 in
1194 4132 1281 4176 marg:
1296 4120 1340 4163 llo-

353 4200 420 4232 muuu
435 4189 530 4232 ecclesio
544 4191 601 4244 quid
614 4194 654 4233 est.

410 4335 447 4383 16.
468 4334 531 4400 Cap.
550 4335 631 4386 XXV.
