3008 5026
702 400 872 450 tonsurus
892 396 1031 448 wrctrr
1249 377 1331 465 [car.
1345 393 1363 437 1.

377 668 595 742 potestatem
626 659 760 723 ordinis
793 660 854 722 dat
885 668 923 722 ut
952 659 1004 721 sic
1026 666 1244 741 potestatem
1265 658 1363 722 iuris·

379 763 559 844 diccionis,
583 763 666 846 quia
689 764 790 827 aliter
812 763 906 827 foret
928 764 1022 826 nuda
1044 771 1206 845 potestas
1230 762 1364 826 ordinis

378 867 479 930 nimis
504 867 692 950 superflua,
727 866 809 950 quia
830 865 1047 931 insufficiens
1071 874 1111 929 ut
1132 865 1236 929 sitin
1255 876 1362 931 mate·

377 971 464 1035 riam
498 981 809 1055 quantumcunque
848 971 1014 1036 exercita.
1047 970 1208 1034 Christus
1247 981 1390 1037 autem5

379 1078 519 1159 quando
554 1077 652 1140 dedit
684 1076 867 1160 discipulis
889 1083 1109 1160 potestatem
1132 1074 1363 1163 predicandi(

378 1181 467 1245 dixit
481 1183 589 1246 Math.
605 1182 727 1245 ultimo
743 1181 971 1265 generaliter:
991 1179 1117 1243 Enntes
1132 1180 1240 1261 igitur
1253 1182 1366 1245 docete
1397 1183 1455 1249 Ι64·

377 1305 495 1350 omnes
513 1292 638 1368 gentes,
662 1288 868 1368 baptizantes
890 1305 962 1361 eos,·
984 1285 1128 1367 quando
1151 1284 1259 1368 igitur
1283 1305 1365 1349 con·

379 1390 515 1454 ceditur
546 1390 751 1473 principale,
783 1389 987 1453 conceditur
1018 1387 1257 1453 accessorium
1289 1388 1365 1452 sine

379 1515 451 1578 quo
475 1495 591 1577 ipsum
615 1515 687 1558 non
709 1504 836 1578 posset
857 1494 1043 1577 proficere.
1379 1522 1409 1555 to

183 1592 351 1701 iiiiiiiitiii
422 1599 521 1678 Item,
543 1600 639 1662 nulla
661 1619 750 1682 pura
773 1610 933 1662 creatura
956 1607 1170 1680 cooperatur
1188 1618 1268 1661 cum
1283 1600 1365 1664 Deo

182 1698 312 1796 diffgotgif‘
325 1699 352 1741 ⁰f
377 1703 412 1766 in
436 1705 670 1785 producendo
696 1706 926 1789 quantitatem
949 1705 1077 1768 mentis
1099 1704 1365 1785 indivisibilem;

379 1807 493 1872 omnis
530 1809 730 1874 huiusmodi
766 1820 930 1894 potestas
968 1818 1023 1872 est
1056 1808 1205 1891 qualitas
1237 1809 1365 1873 mentis

377 1911 613 1995 indivisibilis,
637 1934 722 1998 ergo
745 1917 840 1979 nulla
861 1935 949 1998 pura
973 1922 1133 1977 creatura
1152 1922 1367 1997 cooperatur

379 2036 458 2079 curn
480 2017 562 2081 Deo
584 2018 621 2081 in
652 2020 885 2101 producendo
914 2018 1114 2082 huiusmodi
1138 2025 1407 2101 potestatem,15

379 2129 415 2184 et
436 2141 503 2203 per
526 2142 751 2205 consequens
774 2131 897 2207 preter
911 2131 1129 2206 potestatem
1146 2143 1250 2205 quam
1265 2123 1366 2186 Deus

379 2234 474 2289 creat
505 2225 542 2289 in
576 2227 688 2290 anima
719 2248 791 2291 non
824 2237 879 2291 est
912 2229 994 2291 dare
1031 2228 1130 2290 aliam
1169 2228 1284 2291 datam
1322 2229 1365 2290 ab

377 2329 530 2393 homine.
568 2331 802 2414 Assumptum
824 2340 925 2414 patet
948 2351 995 2394 ex
1021 2332 1090 2394 hoc
1114 2332 1212 2414 quod
1234 2333 1365 2394 nullum

378 2432 558 2497 materiale
583 2433 655 2517 agit
670 2434 706 2497 in
721 2434 959 2515 immateriale,
982 2443 1023 2498 ut
1038 2434 1124 2498 dicit
1140 2435 1365 2518 Augustinus

377 2536 454 2600 XII
477 2536 564 2621 Sup.
588 2535 676 2603 Gen.
700 2539 744 2601 ad
766 2538 930 2605 litteram:
958 2538 1079 2603 Omnis
1096 2544 1293 2622 potentatus
1316 2545 1365 2604 est
1377 2562 1408 2596 20

377 2644 574 2706 substancia
611 2645 816 2721 materiatis,
857 2643 967 2726 igitur
1007 2663 1079 2706 non
1120 2643 1288 2726 imprimit
1328 2644 1365 2707 in

380 2746 528 2810 animam
551 2747 769 2829 spiritualem
791 2748 993 2811 huiusmodi
1015 2757 1242 2831 potestatem.

422 2849 598 2930 Similiter,
630 2853 725 2915 nulla
746 2872 836 2935 pure
861 2861 1020 2916 creatura
1048 2862 1263 2935 cooperatur
1286 2873 1365 2916 curn

378 2956 459 3018 Deo
483 2955 551 3019 nisi
572 2966 612 3019 ut
636 2956 711 3020 eius
728 2977 908 3040 organum,
934 2958 999 3020 sed
1014 2957 1114 3020 Deus
1130 2978 1202 3021 non
1217 2957 1366 3041 requirit

379 3070 575 3124 creaturam
606 3070 645 3124 ut
677 3080 848 3142 organum
880 3061 916 3149 in
947 3061 1190 3143 produccione
1222 3061 1406 3125 subdita25

377 3165 480 3228 huius
503 3164 728 3228 indivisibilis
752 3164 929 3247 qualitatis
951 3165 1079 3248 pocius
1102 3185 1207 3248 quam
1228 3165 1265 3229 in
1283 3185 1363 3249 pro·

379 3268 553 3332 duccione
585 3269 714 3352 gracie,
749 3290 827 3332 cum
864 3270 934 3332 hoc
971 3268 1217 3351 superflueret,
1254 3269 1365 3352 igitur

379 3382 540 3437 creatura
570 3395 642 3438 non
675 3374 922 3457 comproducit
955 3394 1032 3437 cum
1055 3374 1136 3437 Deo
1163 3373 1365 3436 huiusmodi

380 3478 592 3560 qualitatem.

201 3593 252 3637 Tne
266 3606 328 3649 rone
422 3581 599 3664 Similiter,
622 3582 742 3666 posito
760 3584 858 3666 quod
881 3583 1044 3646 dominus
1060 3602 1155 3666 papa
1170 3582 1366 3646 committat
1376 3591 1409 3642 30

174 3654 261 3688 cannot
275 3646 356 3690 confer

184 3698 345 3805 “mlfflggffl
378 3695 592 3768 potestatem
624 3708 691 3771 per
721 3689 835 3750 bullas
866 3687 903 3750 in
925 3687 1092 3770 Angliam
1116 3687 1227 3750 Petro
1255 3687 1364 3751 archi·

379 3792 552 3875 episcopo
576 3793 620 3854 ad
644 3793 898 3855 absolvendum
915 3791 1062 3857 Paulum
1081 3791 1306 3855 criminosum
1328 3791 1365 3854 in

433 4061 463 4093 rr.
480 4048 497 4092 B
512 4047 534 4092 in
550 4060 637 4104 marga
651 4062 677 4104 3.
735 4049 823 4095 12-15.
842 4049 897 4095 AB:
917 4049 1070 4107 quantitatem
1084 4071 1110 4080 -
1122 4047 1276 4104 producendo
1291 4047 1364 4092 deest.

378 4119 404 4162 ln
418 4119 471 4162 cod.
490 4121 512 4162 Α
530 4119 553 4162 in
568 4131 643 4175 marg.
658 4121 703 4163 alla
718 4132 788 4163 manu
807 4120 909 4163 additur.
964 4131 998 4164 21.
1016 4120 1044 4162 B:
1059 4119 1199 4174 itrprt'mert't.
1255 4117 1292 4163 23.
1307 4119 1325 4162 B
1340 4119 1364 4162 in

379 4201 466 4244 marga
480 4197 505 4240 4.
560 4188 599 4233 25.
614 4192 647 4234 A:
663 4190 748 4233 subita.
802 4188 840 4233 30.
855 4189 873 4232 B
887 4189 911 4232 in
924 4201 1011 4244 marg:
1026 4191 1049 4232 5.

431 4349 454 4398 7.
474 4334 563 4386 Matth.
577 4335 689 4398 xxvttt,
708 4351 745 4403 ¹9·
817 4349 858 4387 20.
877 4337 913 4387 St.
927 4337 1066 4401 Augustini
1081 4337 1151 4403 Opp.
1166 4346 1231 4387 torn.
1246 4337 1286 4399 ΙΙΙ,
1304 4352 1324 4390 1.
1339 4353 1364 4403 p.
