3008 5026
163 2769 223 2812 ltow
238 2770 254 2814 it
269 2783 317 2814 was

188 2824 297 2877 reputed.

671 378 840 439 sommis
860 386 1000 438 wvcmr
1210 363 1292 456 [cm.
1307 382 1335 428 x.

347 543 465 626 opiam
488 545 664 608 sublevare
681 546 756 626 filii
783 547 969 618 naturales,
989 545 1072 626 quia
1098 546 1170 609 nisi
1197 565 1219 608 a
1242 546 1337 609 vobis

348 654 378 712 et
400 651 482 714 aliis
506 652 591 715 viris
612 651 758 716 honestis
781 653 872 715 dona
893 652 1134 733 receperimus,
1157 651 1337 730 deficerent

348 756 444 818 nobis
474 756 540 819 vite
571 757 772 833 necessaria,
804 759 893 837 qrcod
916 760 998 820 esset
1020 756 1159 818 oumino
1181 754 1337 820 Romane

350 860 576 942 incongruum
600 863 770 944 dignitati.
808 860 864 925 Ad
886 862 974 924 illud
997 862 1108 942 itaque
1130 862 1337 924 scandalum

345 967 483 1047 penitus
516 968 765 1030 eradicandum
795 986 860 1048 per
882 968 1061 1029 consilinm
1087 965 1250 1045 fratrum
1273 970 1363 1028 uo-5

348 1075 502 1134 strorum
517 1077 632 1136 sancte
647 1070 802 1135 Romane
818 1072 951 1135 ecclesie
966 1072 1211 1148 cardinalium,
1225 1089 1336 1150 qiuari-

349 1175 433 1239 dam
462 1178 682 1257 providimus
705 1176 879 1256 sormam,
911 1177 967 1238 cni
997 1176 1028 1238 si
1060 1177 1234 1239 volueritis
1255 1193 1336 1238 cou-

349 1283 483 1360 seutire‚
495 1301 517 1344 a
527 1283 691 1345 scandalo
703 1287 849 1344 matrem
861 1285 1011 1343 vestram
1023 1282 1181 1362 poteritis
1190 1281 1338 1343 liberare

350 1391 380 1448 et
408 1387 442 1447 iu
472 1387 571 1449 curia
598 1388 670 1449 sine
690 1389 694 1466 Ι
714 1387 885 1448 donorum
914 1381 1066 1465 obsequio
1099 1385 1336 1448 exhibicionem
1369 1393 1431 1453 217·

351 1491 482 1553 iusticie
513 1490 668 1554 obtinere.
706 1489 836 1553 Forma
869 1495 983 1553 autem
1011 1490 1155 1572 prouisa
1188 1494 1236 1552 est
1266 1489 1383 1551 nec-10

350 1594 502 1659 Petimus
518 1597 681 1678 inprimis
696 1596 739 1658 ab
754 1596 912 1658 omnibus
927 1596 1074 1658 ecclesiis
1090 1595 1339 1657 cathedralibus

351 1701 441 1762 decas
462 1701 558 1763 nobis
575 1701 770 1782 prebendas
792 1699 951 1773 exbiberi,
979 1717 1087 1761 certam
1116 1700 1157 1761 de
1174 1699 1339 1780 porcione

350 1806 501 1887 episcopi
531 1811 561 1868 et
594 1807 741 1868 atteram
775 1805 815 1867 de
847 1805 1007 1885 capitula,
1044 1808 1073 1866 et
1105 1804 1267 1866 similiter
1298 1804 1340 1865 de

351 1910 506 1980 cenobiis,
532 1911 588 1972 tubi
610 1910 742 1973 diverse
764 1913 843 1972 sunt
860 1910 1042 1991 porciones
1065 1908 1197 1970 abbatis
1212 1913 1241 1970 et
1256 1926 1337 1970 cou-

352 2020 477 2093 ueutus,
509 2035 532 2077 a
565 2016 778 2077 conventibus
799 2018 964 2094 quantum
989 2013 1137 2094 pertinet
1160 2014 1207 2075 ad
1230 2018 1383 2075 rcrrtcm15

352 2121 557 2182 uuonacluuu
601 2121 713 2199 equali
747 2119 849 2199 sacta
890 2118 1131 2180 distribucione
1172 2118 1339 2179 boicarum

351 2242 505 2302 suorum,
538 2230 568 2287 et
598 2226 810 2287 tantumdem
839 2225 880 2286 de
908 2223 1033 2285 abbate.
1071 2219 1139 2284 Sed
1158 2226 1339 2302 postquam

352 2335 567 2392 maturatum
592 2335 639 2392 est
662 2330 852 2406 consilium,
871 2331 1061 2409 posuerunt
1085 2344 1286 2406 responsum
1304 2326 1340 2387 in

352 2452 411 2496 ore
439 2436 601 2514 magistri
628 2433 796 2497 Johanuis
823 2432 1060 2495 archidiaconi
1083 2429 1340 2511 Bedsordeusis,

351 2539 420 2617 qui,
445 2557 521 2601 cnm
538 2540 676 2602 dixisset
697 2540 838 2602 nunccio
861 2539 951 2618 qctod
961 2537 1084 2619 peticio
1101 2535 1270 2598 concernit
1286 2536 1341 2599 ius
1354 2556 1387 2589 20

353 2644 454 2723 regis,
478 2645 533 2706 ius
555 2645 777 2707 dominorum
800 2642 1010 2705 secularium
1028 2647 1057 2704 et
1073 2643 1260 2704 multorum
1277 2640 1339 2701 ab·

352 2749 504 2810 seneinm
517 2754 759 2828 patronorum,
775 2750 886 2810 clerus
902 2749 959 2810 ille
975 2765 1040 2809 non
1052 2747 1164 2828 potuit
1174 2747 1209 2807 in
1220 2763 1339 2807 eorum

353 2852 511 2916 absencia
538 2854 699 2932 finaliter
743 2855 954 2936 respondere.
1001 2851 1209 2930 Interimque
1253 2850 1341 2911 venit

352 2956 514 3020 dominus
528 2957 700 3021 Jouauues
716 2958 944 3021 Marcscallus
964 2957 1072 3020 etalii
1088 2955 1222 3017 nunccii
1238 2955 1340 3034 regis,

353 3062 546 3125 districcins
582 3064 763 3127 inhibentes
799 3064 887 3143 quod
926 3080 984 3123 nee
1016 3063 1128 3124 clerus
1166 3077 1224 3121 uec
1265 3056 1339 3121 Otto
1353 3061 1385 3115 25

352 3167 515 3229 nunccius
555 3173 725 3250 attemptet
758 3168 891 3248 aliquid
927 3167 1017 3247 quod
1052 3166 1162 3245 tangit
1191 3162 1340 3244 feodum

352 3272 445 3350 regis
460 3290 519 3334 nec
536 3274 683 3335 molestet
698 3274 826 3335 clerum
842 3271 975 3352 Augtie,
998 3272 1056 3350 qui
1076 3274 1161 3332 tenet
1177 3268 1341 3330 baronias

353 3376 404 3437 vel
426 3377 517 3438 alias
540 3379 742 3440 elemosinas
765 3378 899 3457 derege
918 3377 1087 3456 incapite.
1113 3372 1172 3438 Sic
1196 3372 1339 3436 scanda-

352 3479 429 3541 losa
444 3500 537 3563 pape
554 3482 686 3563 peticio
705 3489 761 3545 est
776 3481 953 3545 frustrata.
978 3479 1098 3542 Habet
1114 3485 1230 3541 autem
1246 3495 1338 3538 man·

353 3584 472 3646 datum
494 3585 590 3670 regis
612 3584 790 3648 racionem
815 3585 987 3648 vivacem.
1026 3582 1113 3647 Cum
1142 3581 1233 3644 enim
1256 3589 1339 3643 ante
1353 3587 1387 3636 30

352 3689 575 3752 dotacionem
609 3690 761 3753 ecclesie
794 3690 860 3752 fuit
891 3708 1041 3772 regnum
1075 3696 1236 3750 nostrum
1263 3685 1339 3747 iure

352 3793 656 3877 possessionatum
691 3793 920 3858 conformiter
951 3792 1024 3876 legi
1058 3791 1198 3868 Christi,
1236 3789 1339 3852 nimis

352 3907 613 3962 monstruosum
643 3898 736 3961 foret
766 3901 863 3981 quod
886 3897 1024 3980 papalis
1049 3897 1196 3960 exaccio
1221 3904 1338 3957 extor-

352 4012 479 4085 queret
500 4003 633 4086 aliquid
658 4004 869 4067 contrarium
894 4002 960 4065 iun'
982 4001 1096 4084 regni.
1118 4000 1205 4064 Rex
1221 4008 1339 4063 autem

351 4108 482 4170 nedum
499 4109 607 4172 debet
624 4108 818 4170 defendere
836 4109 1030 4170 secularem
1053 4105 1249 4182 ecclesiam,
1274 4106 1340 4166 sed
1353 4109 1385 4161 35

407 4349 427 4392 5.
444 4348 531 4392 Coos:
546 4349 714 4392 eradicandum
728 4349 799 4393 deest.
816 4347 913 4392 Addidi.
