3008 5026
192 396 316 486 crau]
489 418 534 467 os
553 417 763 468 porssrnrs
783 418 880 469 enea.

193 572 337 635 minium
372 572 508 651 Christi,
544 572 626 656 quia
658 573 841 656 spirituale
874 573 949 650 fuit,
987 575 1072 638 nulli
1104 597 1181 659 per·

193 675 656 759 feccioniincompossibile,
674 677 960 761 luitperfeccius.
978 678 1065 742 Cum
1074 680 1182 762 igitur

194 783 388 844 secundum
414 782 532 863 legem
564 782 715 846 ecclesie
743 782 835 845 XIV
859 805 891 865 q.
916 782 950 844 V
977 783 1130 866 Denique
1151 787 1184 850 si

105 889 261 952 ¹81'non
288 892 398 968 potest
430 887 597 951 sacerdos
629 906 701 949 non
734 888 844 950 debet
878 887 929 949 illi
949 884 953 972 Ι
973 887 1091 952 officio
1124 890 1182 953 vel
1224 883 1366 941 Tl²⁶¹“⁸5

1255 937 1322 979 rol

170 992 259 1056 §arti
291 992 488 1066 intendere,
526 1011 592 1073 per
623 1011 726 1074 quam
758 991 918 1074 sequitur
950 992 1182 1057 deterioracio
1229 936 1365 1050 norhaicipr

194 1095 359 1179 proximi,
392 1094 534 1158 videtur
571 1095 668 1177 quod
705 1114 776 1157 non
815 1096 950 1158 debent
995 1096 1182 1161 intendere
1217 1041 1376 1200 ainpgpsprppeu

195 1199 407 1284 proprietati
440 1199 545 1264 civili.
584 1198 622 1263 Si
655 1198 746 1261 enim
784 1198 1010 1263 renunciacio
1049 1211 1183 1284 tempo-

195 1304 317 1367 ralium
350 1302 530 1386 perviam
554 1302 746 1366 elemosine
775 1303 820 1366 sit
843 1302 1004 1386 perfecta
1026 1304 1062 1367 in
1085 1305 1185 1385 laico,

196 1409 305 1471 multo
337 1407 448 1491 magis
480 1406 516 1470 in
549 1406 688 1470 clerico.
729 1405 783 1469 Illi
815 1407 923 1489 igitur
957 1407 1017 1491 qui
1050 1418 1185 1472 tantum

158 1512 474 1595 roimperfecerunt
489 1511 609 1590 laicos,
632 1511 855 1574 remitterent
869 1511 938 1576 illis
954 1531 1018 1575 sua
1033 1513 1186 1576 dominia

197 1636 245 1679 ex
268 1635 373 1680 causa
395 1614 588 1697 multiplici.
630 1613 753 1679 Omnis
777 1615 878 1695 enim,
910 1616 970 1697 qui
1001 1636 1041 1680 se
1064 1636 1185 1699 regem

198 1719 291 1791 facit,
309 1740 376 1802 per
391 1721 489 1802 quod
501 1718 754 1782 diminueretur
764 1719 961 1801 imperium,
978 1720 1188 1783 contradicit

198 1824 319 1888 cesari.
345 1822 501 1906 Oportet
523 1823 632 1905 igitur
655 1824 752 1906 quod
775 1825 971 1906 temporale
995 1823 1185 1888 dominium

197 1937 308 2011 ponat
339 1929 422 2010 plus
455 1926 742 2009 imperfeccionis
766 1947 868 2009 quam
892 1927 1128 2010 perfeccionis
1151 1928 1187 1991 in

160 2033 337 2096 rsclerico.
375 2030 553 2105 Similiter,
586 2032 678 2093 ultra
700 2031 774 2093 vite
806 2031 1007 2095 necessaria
1034 2051 1106 2095 non
1132 2041 1188 2096 est

1245 2095 1323 2140 'l'hcre
1337 2096 1358 2139 is

198 2135 379 2219 perfeccio
411 2134 448 2198 in
480 2134 600 2197 mundi
633 2133 780 2213 diviciis,
813 2135 880 2198 nisi
908 2136 952 2198 ad
981 2155 1041 2199 eas
1065 2135 1186 2202 debite
1210 2149 1401 2245 p'opeenrphcrme

198 2242 439 2323 regulandum,
478 2240 542 2301 sed
578 2240 647 2301 hoc
686 2238 841 2302 officium
881 2248 936 2303 est
979 2239 1128 2303 alienum
1167 2253 1392 2348 ainorderinpir

199 2344 339 2425 clerico,
361 2343 471 2427 igitur
487 2352 524 2406 et
546 2345 862 2426 superhabundans
885 2345 1081 2427 possessi0,
1097 2345 1189 2409 sicut
1208 2306 1396 2453 ijii‘s'ilfltfie

200 2450 307 2512 docet
329 2448 527 2530 Apostolus
550 2447 662 2511 Thim.
683 2447 746 2512 VI.
768 2447 948 2532 Regimen
972 2449 1063 2512 enirn
1087 2448 1187 2532 spiri·
1246 2417 1313 2505 ⁰3⁰
1336 2419 1375 2453 Ν

160 2552 294 2614 20tua1e
326 2559 363 2613 et
395 2551 554 2632 regimen
584 2551 781 2632 corporale,
814 2551 906 2613 sicut
934 2559 971 2614 et
994 2551 1187 2634 occupacio

201 2677 332 2737 eorum,
356 2663 479 2718 mutuo
503 2674 542 2718 se
564 2655 754 2719 retardant.
777 2654 824 2717 Et
843 2655 923 2718 hinc
940 2656 1062 2719 dicunt
1078 2656 1189 2721 sancti

201 2761 297 2842 quod
322 2759 449 2822 divicie
474 2767 556 2822 sunt
579 2760 720 2842 pondus
744 2759 867 2822 anime.
892 2759 938 2821 Et
961 2769 1128 2842 quantum
1146 2762 1190 2823 ad

201 2864 426 2928 securitatem
448 2864 646 2927 habendam
671 2872 709 2926 et
725 2864 856 2926 clerum
878 2864 1190 2947 multiplicandum,

201 2977 302 3052 patet
332 2969 429 3051 quod
461 2967 520 3031 illa
551 2967 670 3031 mundi
701 2967 911 3032 insecuritas
935 2976 991 3031 est
1013 2969 1192 3033 meritoria

162 3083 239 3136 25et
261 3072 445 3156 pertinens
460 3071 590 3135 Christi
605 3071 789 3154 discipulo,
813 3080 851 3134 ut
874 3081 975 3154 patet
997 3073 1106 3135 Math.
1126 3073 1189 3136 VI.

203 3177 326 3241 Mundi
350 3185 466 3240 autem
491 3176 664 3241 securitas
688 3185 743 3240 est
766 3177 873 3240 fallax
889 3187 926 3239 et
941 3177 1139 3260 irreligiosa
1155 3187 1191 3240 et

203 3284 316 3346 solum
341 3280 548 3347 affectabilis
570 3280 798 3362 imperfectis.

245 3387 302 3449 Ex
324 3384 402 3450 istis
426 3394 551 3468 quarto
568 3385 756 3469 colligitur,
782 3405 860 3448 cum
877 3384 1026 3467 quilibet
1046 3387 1189 3468 exlege
1228 3405 1282 3464 wuo
1297 3404 1385 3465 suoru¹

204 3489 356 3554 caritatis
380 3490 489 3554 debet
513 3498 684 3572 appetere
700 3489 811 3553 maius
834 3494 977 3567 bonum,
1002 3491 1063 3552 sed
1081 3489 1192 3553 maius
1210 3456 1395 3569 diligeri'ii'ii

162 3600 335 3660 3ob0num
368 3595 461 3657 foret
493 3602 563 3657 tam
596 3596 690 3658 clero
723 3613 826 3677 quam
854 3593 962 3672 laicis,
994 3595 1091 3676 quod
1113 3593 1192 3657 laici
1246 3561 1361 3617 ήκω

205 3707 424 3781 occuparent
457 3707 567 3761 totam
600 3698 804 3761 civilitatem
837 3698 1007 3761 secularis
1040 3697 1193 3774 dominii,

204 3804 346 3867 videtur
383 3805 480 3886 quod
518 3803 637 3867 clerici
677 3824 724 3866 ex
762 3801 916 3866 caritatis
953 3802 1087 3885 regulis
1124 3804 1194 3865 hoc

205 3917 381 3991 optarent.
405 3908 480 3991 Ipsi
503 3908 595 3971 enim
618 3908 738 3972 forent
761 3908 892 3971 exinde
914 3907 1132 3971 exonerandi
1159 3916 1195 3970 et

204 4014 298 4096 layci
313 4013 432 4077 forent
448 4013 541 4076 circa
555 4015 695 4096 laycum
712 4012 866 4075 officium
887 4012 921 4074 in
939 4012 1195 4094 temporalibus

164 4118 386 4182 35meritorie
410 4119 585 4202 occupati,
614 4120 792 4201 quomodo
814 4117 922 4199 igitur
949 4137 1020 4179 non
1045 4117 1196 4180 dictaret

1280 2474 1336 2518 erra

262 4348 284 4396 3.
304 4346 405 4395 llecretl
425 4346 545 4396 Secunda
565 4360 632 4411 pars,
652 4359 730 4394 ceusu
750 4345 815 4402 xlv,
835 4360 860 4409 q.
877 4345 907 4409 V,
927 4358 983 4408 cap,
1004 4344 1034 4392 x.

1059 4428 1091 4479 ὁ*
