3008 5026
675 378 845 430 sommus
863 379 1003 430 wvccrr
1185 357 1266 447 [cur.
1284 370 1333 418 un.

342 535 419 596 buit
436 533 486 596 sic
502 535 597 597 bona
613 554 808 616 pauperum
824 542 972 598 vocatus
990 544 1045 597 est
1058 533 1330 616 paterbeatissi·

342 658 429 715 mus,
453 638 681 721 inpeccabilis
706 649 742 701 et
764 640 864 702 Deus
887 639 922 701 in
945 639 1056 719 terris,
1082 638 1179 721 quod
1203 639 1234 701 si
1258 638 1331 701 sitit

343 742 581 825 triplicitatem
618 743 720 806 istam
757 764 822 826 per
852 746 921 807 hoc
957 742 1120 822 medium,
1157 751 1242 806 tunc
1276 751 1329 805 est

342 847 552 931 principium
585 849 744 928 symonie
767 848 860 931 patri
883 847 1067 930 mendacii,
1100 857 1137 911 et
1163 846 1200 909 in
1224 846 1329 910 terris

342 950 553 1015 fortissimus
590 953 845 1024 Antichristus;
889 963 926 1017 et
964 952 1213 1015 subtraccione
1252 950 1351 1015 taliss

343 1056 450 1119 officii
465 1057 601 1120 rediret
616 1058 765 1121 ecclesia
781 1059 824 1120 ad
843 1066 972 1121 statum
994 1056 1201 1140 primevum,
1224 1076 1329 1138 quem

343 1160 503 1225 Christus
535 1161 695 1229 instituit.
734 1161 807 1227 Sed
840 1163 1012 1225 donemus
1044 1160 1112 1224 sibi
1145 1161 1248 1224 istam
1280 1160 1327 1222 in·

124 1263 471 1357 Albgffigltgl‘eiuriam.
510 1263 676 1330 Secundo
715 1267 875 1350 sequitur
907 1268 1003 1349 quod
1042 1264 1156 1330 omnis
1194 1267 1329 1328 elector

150 1369 300 1474 “gffilfflf
342 1369 533 1451 spiritualis
570 1371 745 1453 prepositi
782 1373 846 1435 sed
884 1391 976 1454 papa
1012 1370 1185 1452 precipue
1219 1369 1329 1430 debet

341 1473 479 1555 positus
511 1474 547 1537 in
579 1474 779 1557 adopcione
810 1476 998 1538 multorum
1034 1473 1127 1537 omni
1159 1475 1369 1536 obstantem

341 1577 544 1660 postposito
562 1578 676 1661 ipsum
693 1579 836 1662 eligere,
854 1598 958 1660 quem
975 1586 1120 1660 reputat
1135 1576 1327 1653 meliorem,

339 1683 408 1744 hoc
442 1690 497 1745 est
527 1684 608 1765 plus
637 1685 680 1745 ad
708 1685 877 1746 honorem
900 1681 972 1744 Dei
1001 1690 1038 1745 et
1060 1680 1248 1744 utilitatem
1273 1699 1327 1742 ec·

340 1786 461 1865 clesie,
485 1788 553 1849 hoc
578 1787 670 1851 enim
693 1788 789 1851 foret
812 1787 879 1850 sibi
902 1786 1032 1864 utilius,
1061 1786 1143 1868 quia
1164 1783 1328 1848 fidelitati

339 1889 393 1952 sui
416 1891 608 1971 ministerii,
647 1902 683 1954 et
704 1911 770 1974 per
801 1909 1025 1972 consequens
1045 1887 1327 1952 remuneracioni

338 1994 407 2056 Dei
430 1996 510 2076 plus
535 2015 736 2077 congruum.
768 1995 816 2058 Et
837 2002 938 2077 patet
961 1994 1057 2076 quod
1091 1992 1151 2076 qui
1174 2001 1366 2076 propter&

337 2099 531 2181 pecuniam,
554 2110 703 2182 propter
726 2100 931 2183 sanguinem
949 2100 1007 2161 vel
1030 2097 1188 2161 favorem
1213 2095 1326 2159 seculi

337 2205 505 2287 preponit
536 2204 630 2267 illum
666 2224 770 2286 quem
803 2204 916 2266 credit
948 2204 1007 2266 vel
1039 2204 1151 2265 debet
1178 2203 1324 2265 credere

337 2307 450 2370 minus
474 2308 641 2372 idoneum
664 2318 791 2391 peccat
807 2306 1011 2390 mortaliter,
1035 2306 1116 2389 quia
1135 2305 1325 2369 infideliter

336 2409 371 2473 in
396 2432 513 2474 amore
528 2413 772 2495 preponderat
791 2412 985 2494 temporale
1000 2410 1226 2474 vanissimum
1242 2410 1323 2473 Deo

337 2536 410 2595 su0,
434 2517 515 2598 quia
536 2517 632 2598 illud,
657 2520 703 2580 ob
721 2517 820 2580 cuius
844 2537 997 2580 amorem
1022 2515 1104 2579 facit
1128 2517 1226 2599 quod
1242 2516 1322 2578 Deo
1335 2545 1366 2580 ιο

336 2620 516 2702 displicet;
543 2623 639 2705 quod
664 2642 736 2685 non
758 2622 895 2686 faceret
916 2630 1066 2704 propter
1089 2620 1206 2684 omnia
1227 2622 1324 2683 bona

336 2726 465 2792 mundi.

150 2845 194 2888 and
211 2852 287 2888 notro
378 2830 426 2893 Et
456 2832 567 2896 tercio
601 2832 760 2914 sequitur
792 2851 839 2895 ex
871 2830 976 2895 dictis
1004 2831 1101 2913 quod
1128 2849 1223 2913 papa
1249 2849 1321 2893 non

119 2904 325 2994 iniiiifffieec‘iiie
337 2935 446 2996 debet
477 2946 626 3018 propter
655 2936 868 3019 peticionem
901 2945 959 2998 aut
989 2933 1195 2997 instanciam
1223 2953 1321 2997 secu-

139 3002 305 3098 niiiriiim.
335 3037 455 3101 larium
480 3040 699 3103 dominorum
726 3041 900 3123 preficere
929 3039 1092 3102 clericum
1116 3037 1176 3100 vel
1204 3051 1363 3101 carum25

335 3142 431 3224 regis
464 3143 499 3206 in
532 3144 739 3227 episcopum
762 3146 819 3207 vel
844 3145 1014 3226 prelatum
1044 3141 1205 3222 ecclesie,
1240 3143 1321 3205 dum

333 3256 478 3329 reputat
499 3248 558 3311 vel
580 3260 746 3331 reputare
771 3250 903 3312 debeat
926 3248 1028 3310 alium
1051 3246 1163 3330 magis
1188 3255 1321 3329 aptum,

334 3371 412 3414 nam
437 3353 545 3416 cicius
570 3355 754 3417 desereret
776 3375 915 3417 omnem
939 3352 1096 3416 favorem
1119 3351 1320 3435 principum

334 3457 454 3537 seculi,
494 3478 631 3520 omnem
666 3459 888 3522 dotacionem
925 3456 1076 3520 ecclesie
1111 3464 1148 3519 et
1179 3476 1320 3519 omnem

333 3561 491 3641 gloriam,
515 3582 618 3644 quam
643 3563 719 3645 ipse
741 3562 745 3646 l
767 3565 825 3625 vel
849 3561 975 3625 fratres
992 3561 1046 3624 sui
1061 3561 1096 3623 in
1116 3579 1181 3623 suo
1199 3560 1319 3623 officio
1349 3569 1400 3631 248¹

332 3664 463 3728 habent
488 3667 531 3729 de
556 3669 687 3734 seculo.

376 3771 434 3833 Ad
444 3773 678 3853 reputandum
690 3781 804 3835 autem
815 3772 920 3835 talem
931 3770 1164 3853 aptitudinem
1171 3776 1320 3852 oportet

332 3877 436 3938 fidem
470 3876 644 3957 scripture
670 3879 713 3939 de
736 3877 897 3940 bonitate
920 3876 1076 3959 pastoris
1093 3893 1320 3957 cognoscere

333 3990 369 4043 et
393 4001 463 4044 non
488 3981 603 4043 cecati
618 3981 653 4042 in
676 3981 745 4045 isto
769 3981 975 4064 porizmate:
1003 3980 1089 4042 Plus
1104 3977 1203 4059 lucri,
1237 3979 1319 4061 plus

331 4084 465 4148 favoris
481 4086 540 4148 vel
560 4085 674 4148 laudis
696 4087 846 4149 humane
876 4093 1095 4169 reportarem
1127 4103 1199 4168 ego
1240 4103 1318 4147 cum
1332 4095 1363 4144 35

383 4342 404 4386 8.
421 4341 496 4385 Codd.
511 4341 534 4384 in
550 4353 615 4395 marg
631 4357 636 4385 :
651 4341 719 4400 Eltgr'
731 4344 808 4400 qualis
822 4345 888 4387 debet
900 4352 915 4383 a
928 4352 991 4396 papa
1006 4353 1029 4383 m
1043 4341 1168 4394 prelatum.
