3008 5026
648 399 820 450 tonsurus
840 395 975 447 wuctlf
1182 378 1265 457 [cnr.
1282 388 1323 431 ru.

324 559 361 620 in
378 557 530 620 ecclesia
554 556 760 638 apostolica,
784 563 821 617 et
843 565 927 617 tunc
952 551 1064 615 crevit
1080 550 1242 632 ecclesia,
1267 550 1319 613 sic

324 671 450 746 posset
466 680 546 724 esse
561 660 669 723 hodie
692 661 736 722 ad
756 658 923 721 maiorem
945 656 1129 719 utilitatem
1153 654 1319 718 ecclesie.

370 765 587 830 Conceditur
602 775 730 842 tamen,
754 765 851 847 quod
876 782 923 824 ex
946 761 1017 836 illo,
1041 760 1135 823 sicut
1158 780 1204 821 ex
1229 779 1317 842 quo·

324 870 412 933 libet
454 870 545 932 malo
588 872 739 952 quedam
782 864 929 950 propria
976 864 1106 928 utilitas
1153 863 1319 927 succedit

325 973 492 1038 ecclesie.
525 971 598 1036 Sed
621 980 672 1051 (ut
695 983 772 1036 utar
794 969 916 1034 verbis
942 968 1124 1052 Apostoli)
1147 967 1243 1031 absit
1277 975 1343 1032 ut5

324 1077 383 1140 illa
405 1079 496 1140 mala
519 1077 589 1140 sint
611 1087 801 1161 propterea
824 1075 993 1139 iacienda.

127 1195 147 1239 11
164 1195 184 1237 is
199 1194 250 1237 wel
265 1201 289 1237 ιο
369 1181 527 1245 Ulterius
551 1181 757 1245 conceditur
785 1181 883 1264 quod
907 1178 1131 1242 observanda
1163 1184 1220 1238 est
1243 1177 1317 1239 lau·

147 1248 203 1300 keep
218 1257 263 1299 goo

128 1246 299 1393 limfis*
327 1285 453 1350 dabilis
487 1287 708 1349 consuetudo
738 1284 900 1355 ecclesie,
938 1282 1023 1347 licet
1059 1301 1132 1345 non
1169 1279 1215 1343 sit
1255 1300 1316 1342 ex-

139 1409 284 1507 impissiice
325 1389 446 1474 plicita
468 1391 533 1453 sed
555 1389 724 1472 implicita
739 1389 776 1452 in
799 1389 983 1471 scriptura,
1007 1387 1089 1471 quia
1112 1385 1224 1448 minus
1251 1382 1315 1446 dis·

145 1506 221 1549 wuich
237 1518 276 1549 are
325 1495 403 1558 fusa
426 1504 462 1557 et
486 1513 638 1557 onerosa
660 1494 754 1557 foret
777 1496 838 1556 lex
862 1493 1000 1570 Christi,
1023 1493 1053 1555 si
1076 1510 1200 1554 omnes
1224 1490 1317 1553 tales
1331 1519 1362 1553 ιο

135 1559 282 1670 dimin
324 1599 421 1679 rituS,
455 1619 539 1662 usus
571 1601 630 1662 vel
663 1599 938 1663 consuetudines
969 1597 1088 1661 forent
1119 1597 1154 1659 in
1187 1617 1230 1659 ea
1254 1617 1316 1659 ex-

147 1663 275 1717 scnprure.
325 1723 459 1786 presse.
475 1703 564 1766 Ideo
581 1706 797 1768 credendum
815 1713 870 1766 est
886 1704 984 1786 quod
995 1699 1316 1784 SpiritusSanctus

324 1808 567 1871 necessariora
601 1810 753 1873 ecclesie
790 1806 978 1890 expressit,
1012 1816 1048 1869 et
1079 1806 1214 1869 leviora
1247 1809 1316 1870 sub

326 1914 479 1995 quodam
504 1912 653 1976 confuso
676 1914 861 1977 involucro
885 1911 987 1975 simul
1010 1911 1112 1984 texit,
1146 1921 1185 1974 ut
1211 1922 1317 1995 patet

324 2016 437 2099 prima
475 2016 553 2082 Cor.
576 2017 669 2080 XIV
707 2034 766 2096 4o;
807 2016 892 2079 dicit
930 2015 1074 2098 spiritus
1111 2037 1172 2094 per
1209 2025 1359 2081 suum15

324 2123 555 2203 Apostolum:
584 2121 711 2186 Omnia
733 2124 865 2187 honeste
887 2127 916 2186 et
939 2123 1125 2186 secundum
1153 2124 1314 2186 ordinem

314 2228 418 2306 stant.
442 2227 481 2289 In
507 2247 578 2309 quo
601 2225 826 2291 includuntur
851 2247 973 2289 omnes
997 2246 1083 2289 usus
1099 2226 1252 2288 ecclesie
1277 2226 1313 2290 in

324 2331 474 2393 dicendo
506 2331 705 2408 servicium,
739 2351 859 2396 omnes
890 2331 979 2393 ritus
1013 2331 1174 2392 ordinum
1197 2331 1312 2413 priva-

324 2444 451 2518 torum,
484 2444 521 2498 et
551 2435 711 2498 breviter
742 2437 854 2499 omnis
888 2436 1110 2498 consuetudo
1139 2434 1313 2499 clericalis

324 2541 382 2601 vel
404 2539 549 2622 laycalis
569 2538 762 2603 laudabilis.
785 2540 830 2603 Et
853 2540 888 2603 in
911 2540 980 2603 isto
1004 2548 1138 2621 puncto
1155 2540 1314 2622 surrepit
1325 2572 1358 2607 20

324 2643 434 2705 maior
455 2643 699 2728 irreligiositas
715 2645 842 2726 populi
860 2651 865 2721 Ι
886 2643 1073 2715 christiani,
1100 2644 1198 2726 quod
1212 2654 1311 2726 post·
1342 2680 1401 2742 234·

324 2749 492 2829 ponendo
536 2749 881 2830 preponderanciora
926 2768 1097 2831 expressa
1140 2747 1176 2810 in
1225 2749 1311 2833 lege

323 2850 477 2930 Domini,
511 2854 821 2934 preponderantur
850 2853 1064 2917 tradiciones
1084 2863 1121 2917 et
1140 2853 1311 2916 adinven-

325 2954 445 3018 ciones
461 2957 620 3037 humane,
636 2958 785 3039 quedam
802 2957 959 3020 heretice
977 2969 1013 3021 et
1029 2959 1181 3040 quedam
1197 2957 1231 3021 in
1243 2978 1311 3021 suo

324 3058 446 3123 ordine
464 3063 696 3126 observande.
712 3061 813 3126 Sicut
827 3063 919 3125 enirn
931 3063 1107 3146 scriptura
1123 3066 1229 3127 docet
1244 3086 1311 3128 nos
1325 3079 1357 3128 25

322 3162 392 3225 ista
432 3166 739 3246 preponderanter
774 3187 1005 3250 cognoscere,
1043 3168 1094 3231 sic
1131 3168 1313 3233 minimum

324 3286 534 3347 expressum
550 3269 586 3332 in
601 3271 684 3352 lege
700 3270 844 3333 Domini
860 3273 1052 3335 observare
1077 3276 1143 3336 sub
1166 3274 1312 3337 incursu

323 3371 462 3434 maioris
485 3393 579 3455 pene
613 3395 716 3457 quam
741 3375 871 3458 aliquid
899 3380 995 3458 quod
1019 3389 1074 3442 est
1097 3400 1312 3462 expressum

323 3475 546 3557 singulariter
568 3478 603 3539 in
620 3499 682 3542 usu
702 3500 838 3542 sacrum
854 3483 912 3543 vel
936 3483 1024 3545 ritus
1047 3484 1182 3565 aliquos
1199 3485 1311 3548 eciam

324 3580 484 3643 ordinate
500 3581 537 3643 in
553 3581 729 3666 religiosis
746 3586 804 3646 vel
819 3585 918 3648 laicis
929 3598 1049 3669 preter
1063 3588 1168 3651 fidem
1180 3589 1313 3654 Christi
1326 3600 1360 3650 30

323 3703 531 3764 expressam
547 3687 687 3750 noviter
702 3688 933 3756 introductos.
955 3693 1002 3756 Et
1016 3693 1052 3755 in
1073 3693 1142 3757 isto
1167 3707 1313 3760 cecatur

324 3807 363 3849 ac
387 3799 552 3852 oneratur
585 3793 734 3856 ecclesia
766 3797 1030 3873 ultramodum,
1063 3800 1147 3882 quia
1178 3802 1237 3863 vel
1262 3803 1311 3866 in·

322 3893 556 3957 troducuntur
572 3895 855 3962 irracionaliavel
871 3901 1058 3966 racionalia
1074 3914 1156 3968 sunt
1165 3904 1312 3970 nimium

322 3998 526 4078 ponderata.
550 3999 654 4063 Unde
678 4003 861 4067 decretum
885 4006 960 4069 XII
984 4008 1217 4074 distinccione
1240 4016 1337 4077 sub·

377 4264 407 4305 15.
440 4254 515 4299 Codd.
549 4257 572 4300 in
601 4271 689 4315 marg.:
719 4260 915 4310 consuetudinum
942 4269 1093 4314 laudabilium
1112 4271 1309 4326 fundamentum.

323 4333 361 4377 29.
375 4335 482 4377 sacrum
495 4325 526 4370 itu
540 4329 591 4371 cod.
