3008 5026
652 392 821 443 Jommus
841 391 981 442 wreus
1185 370 1267 460 [cae.
1281 385 1311 430 11.

323 557 428 613 ment.
444 545 538 627 VII).
563 548 635 611 Alii
659 557 775 611 autem
798 548 909 632 magis
932 547 1103 611 blasfeme
1124 567 1311 611 concesse·

322 664 401 717 rant
424 654 521 736 quod
544 652 645 715 Deus
668 672 807 715 omnem
831 650 1011 715 accionem
1043 650 1112 715 illis
1140 654 1184 716 ad
1210 662 1312 717 extra

324 758 557 822 communicat
587 766 763 840 tamquam
796 756 875 820 eius
899 756 1047 837 vicariis,
1081 766 1117 820 et
1146 755 1195 820 hii
1226 765 1310 821 tam·

323 884 427 947 quam
451 864 539 927 alter
558 862 900 938 Nabuchodonosor,
924 863 969 924 de
993 882 1065 945 quo
1081 861 1170 926 Dan.
1185 861 1249 941 IV,
1274 872 1311 927 et

323 971 411 1033 alter
443 966 672 1045 senacherib,
710 969 755 1030 de
793 987 864 1049 quo
898 966 942 1031 ΙΙ.
974 967 1126 1050 Paralip.
1158 964 1335 1031 XXXII5

322 1073 513 1136 vendicant
529 1091 569 1134 se
585 1090 667 1134 esse
684 1070 803 1134 socios
819 1071 1010 1135 Trinitatis.
1035 1070 1311 1135 Considerarent

322 1185 438 1240 autem
462 1174 594 1238 dictum
609 1175 806 1258 Augustini
822 1175 857 1238 II
878 1175 935 1238 De
952 1175 1174 1239 Mirabilibus
1191 1174 1310 1258 Scrip-

321 1291 401 1344 ture
418 1279 526 1345 Sacre
543 1299 619 1363 cap.
636 1279 689 1342 IV
706 1281 885 1363 quomodo
903 1281 957 1342 sol
975 1290 1012 1344 et
1027 1282 1110 1343 luna
1132 1288 1311 1343 steterunt

323 1394 448 1448 contra
473 1384 628 1466 Gabaon,
660 1404 728 1447 non
759 1385 905 1447 humani
936 1386 1078 1467 imperii
1109 1385 1311 1448 auctoritate

321 1491 381 1553 sed
396 1489 541 1552 Domini
556 1489 769 1570 imperantis.
792 1487 861 1560 Nit,
878 1487 999 1571 inquit,
1008 1494 1153 1571 propter
1167 1490 1311 1553 iubentis
1324 1509 1354 1544 10

320 1595 471 1657 hominis
487 1593 625 1656 verbnm
642 1598 797 1656 creature
800 1592 951 1674 faciunt,
967 1594 1027 1656 sed
1040 1594 1130 1676 quod
1139 1593 1311 1657 Dominus

321 1699 414 1761 servi
434 1699 490 1762 sui
510 1698 664 1761 oracioni
679 1698 836 1760 obediens
851 1698 1010 1780 precipit,
1034 1707 1071 1761 et
1087 1718 1161 1781 cap.
1176 1695 1310 1760 XXIV

322 1802 409 1865 dicit
442 1803 540 1885 quod
560 1803 661 1884 lepra
682 1800 838 1864 Naaman
861 1812 983 1865 sanata
1011 1810 1067 1867 est
1094 1804 1129 1866 in
1152 1821 1311 1866 sermone

322 1908 527 1990 imperantis
548 1906 622 1979 Dei,
647 1912 678 1970 et
699 1924 767 1969 non
790 1908 827 1968 in
850 1926 888 1969 re
911 1908 1028 1988 aliqua
1050 1912 1309 1971 sacramentum

323 2013 458 2075 virtutis
504 2013 745 2089 continebatur,
792 2017 822 2074 et
867 2012 945 2075 irinc
981 2011 1114 2076 Etizens
1154 2012 1309 2093 accipere
1323 2016 1351 2068 15

322 2134 470 2179 munera
502 2117 681 2180 recusavit.
719 2114 765 2177 Et
788 2113 839 2177 sic
864 2115 1097 2179 attribuerent
1120 2115 1188 2179 sibi
1211 2115 1309 2199 quod

126 2253 193 2318 They
208 2251 292 2295 noun
323 2240 428 2284 servo
453 2229 509 2283 est
531 2220 725 2303 proprium,
756 2221 1028 2303 promulgando,
1061 2220 1243 2303 operando
1272 2229 1310 2284 et

113 2307 304 2404 ,fflffi‘ihc
322 2324 570 2406 promerendo,
594 2325 690 2406 quod
707 2325 808 2387 Deus
825 2323 990 2406 dignatur
1004 2345 1071 2407 per
1086 2325 1166 2388 illos
1189 2324 1308 2387 facere

133 2410 285 2509 sfflffissd
324 2428 499 2508 continue,
524 2430 696 2492 sumendo
720 2439 759 2493 ut
781 2429 876 2493 servi
898 2428 1076 2492 humiliter
1092 2430 1136 2491 de
1153 2448 1192 2492 se
1207 2428 1307 2512 ipsis

112 2517 231 2628 Ροῆξξξίῗξ
245 2513 306 2608 iiia
323 2533 395 2597 Ubi
418 2542 536 2597 autem
560 2534 724 2598 dubitant
746 2535 791 2597 de
815 2554 882 2597 suo
907 2553 1028 2616 opere,
1057 2535 1191 2597 debent
1211 2552 1308 2612 vere,
1320 2555 1352 2589 20

323 2637 490 2721 religiose
508 2647 544 2702 et
560 2659 685 2702 secure
701 2649 811 2703 totam
827 2639 1007 2702 accionem
1021 2639 1102 2701 Deo
1120 2638 1309 2712 ascribere,

325 2761 403 2804 cum
453 2752 598 2826 oportet
647 2764 726 2807 eum
775 2743 893 2806 facere
939 2762 1079 2805 omnem
1128 2741 1310 2806 accionem

325 2856 492 2912 creature.
539 2847 624 2912 Sive
669 2857 787 2911 utatur
831 2847 937 2931 igitur
980 2846 1018 2910 in
1061 2845 1125 2910 tali
1165 2846 1309 2910 accione

325 2961 485 3015 creatura
516 2972 579 3015 sua
610 2961 649 3016 ut
682 2972 817 3036 organo
851 2952 927 3014 sive
950 2971 1032 3031 non,
1064 2949 1132 3013 sibi
1154 2950 1229 3014 laus
1254 2960 1311 3014 est

325 3057 445 3138 operis
487 3056 682 3138 tribuenda,
724 3057 863 3119 laudem
905 3064 1022 3119 autem
1066 3063 1226 3119 creature
1265 3057 1353 3118 deri

325 3169 457 3242 quanto
481 3171 638 3224 meretur
670 3169 816 3245 oportet
832 3180 912 3223 esse
930 3168 1016 3243 aput
1030 3161 1147 3222 Deum
1163 3162 1310 3223 abscon·

326 3266 441 3345 ditam,
465 3267 559 3328 unde
582 3265 848 3349 magnificantes
872 3285 972 3328 suam
994 3265 1197 3348 potenciam
1211 3273 1310 3327 nota·

323 3378 404 3433 rent
436 3368 582 3432 formam
606 3369 729 3433 utendi
753 3377 790 3431 et
812 3368 1013 3432 ascribendi
1036 3378 1253 3450 potestatem
1275 3369 1312 3432 in

326 3473 456 3536 sanctis
489 3473 672 3556 apostolis,
705 3482 741 3535 et
764 3472 865 3535 nimis
888 3492 1053 3556 maguum
1077 3471 1180 3548 foret,
1214 3474 1312 3555 quod

325 3578 438 3641 nostri
460 3578 539 3640 illos
564 3577 794 3640 excederent.
1323 3585 1355 3636 30

128 3689 240 3744 Exampte
256 3698 289 3733 ⁵01
369 3681 443 3763 Ipsi
468 3691 584 3745 autem
607 3701 695 3764 sepe
719 3681 940 3759 confitentur,
968 3683 1062 3764 quod
1084 3702 1155 3744 non
1178 3683 1312 3745 habent

109 3742 138 3799 by
152 3743 190 3785 the
204 3742 314 3797 apostles.
583 3786 590 3800 ‚
614 3786 622 3800 ,
748 3786 755 3799 ‚
848 3786 856 3800 ‚

325 3795 541 3869 potestatem
557 3806 625 3850 msr
641 3786 684 3849 ad
701 3786 964 3849 edificacronem
981 3787 1142 3868 ecclesie,
1158 3796 1197 3850 ut
1211 3794 1314 3869 patet

379 4053 400 4096 7,
416 4040 438 4085 8.
454 4039 542 4085 codd:
562 4041 596 4084 111
612 4041 647 4084 De
666 4041 815 4085 Mirabilibus
826 4072 832 4084 .
843 4074 849 4084 .
861 4073 866 4082 .
879 4071 884 4082 .
898 4052 950 4096 cap.
964 4053 989 4095 3.
1009 4041 1115 4085 Correxi.
1172 4054 1205 4086 12.
1221 4041 1311 4086 codd:

328 4109 384 4166 Cap.
403 4120 442 4154 aa.
464 4111 568 4154 Correxi.
632 4124 664 4164 14.
686 4110 774 4155 Codri:
796 4123 842 4155 non
865 4112 889 4153 in
909 4121 979 4165 aqua.
1001 4110 1105 4155 correxi.
1169 4123 1200 4167 ¹9·
1222 4110 1311 4155 Codri:

325 4181 433 4223 continue
445 4182 561 4224 rumando
575 4185 600 4225 ut
613 4189 708 4236 supera.

379 4338 401 4386 7.
421 4324 457 4372 St.
477 4324 614 4387 Augustini
635 4324 705 4388 Opp.
727 4324 765 4379 ΙΙΙ,
787 4339 809 4380 2,
831 4336 905 4372 1000.
