3008 5026
689 376 860 426 tonsurus
879 374 1020 425 wreus
1206 361 1290 440 [cnr.
1306 373 1355 418 xn.

366 551 538 616 perversa
561 531 753 596 affeccione
777 532 903 616 pocius
926 531 1136 614 preessendi
1153 553 1259 615 quam
1279 553 1356 617 pro·

367 637 526 700 merendi
554 636 753 720 suscipiunt
779 636 865 700 illud
895 655 993 699 onus.
1031 635 1138 718 Quod
1169 638 1357 703 evidenter

367 741 592 805 convincitur
615 761 661 804 ex
676 741 744 804 hoc
762 742 857 823 quod
875 743 1132 824 amplectentes
1148 744 1356 826 temporalia

368 845 546 909 dimittunt
591 845 745 910 officium
787 845 1023 929 promerendi,
1068 848 1167 930 quod
1210 855 1356 930 oportet

366 952 489 1033 laycos
522 949 553 1013 si
585 951 710 1013 volunt
741 969 914 1013 memores
947 969 1028 1013 esse
1060 951 1184 1015 salutis
1212 953 1376 1035 propriei

365 1055 530 1119 iudicare.
553 1055 600 1119 Et
615 1055 666 1118 sic
682 1055 824 1118 videtur
840 1053 963 1117 melius
982 1053 1059 1117 fore
1083 1056 1237 1119 ecclesie
1260 1058 1355 1140 quod

366 1179 438 1222 non
472 1159 566 1223 foret
598 1161 756 1243 prelatus
789 1178 963 1223 cesareus.
1008 1158 1069 1224 Sic
1101 1160 1194 1224 enim
1225 1161 1355 1225 Petrus

368 1272 404 1326 et
435 1263 545 1326 ceteri
578 1263 733 1346 apostoli
764 1263 874 1327 instar
898 1263 1026 1328 Christi
1058 1265 1354 1348 preeminenciam

367 1366 459 1430 illam
476 1365 687 1449 aufugerant
698 1375 734 1430 et
746 1367 1021 1431 ministerialiter
1031 1376 1184 1452 propter
1194 1370 1354 1434 meritum

368 1471 462 1554 apud
477 1472 593 1534 Deum
611 1471 857 1535 absconditum
874 1474 1025 1537 subesse
1041 1474 1234 1558 elegerant.
1253 1474 1354 1537 Unde
1367 1498 1391 1532 ιο

369 1574 561 1657 Gregorius
593 1576 708 1658 primo
740 1577 975 1641 Pastoralium
1007 1577 1075 1642 III:
1108 1577 1182 1642 Hec
1213 1580 1355 1642 breviter

367 1681 531 1762 dirime,
559 1686 595 1742 nt
617 1687 784 1761 quantum
806 1683 852 1744 sit
871 1683 1007 1763 pondus
1038 1683 1223 1764 regiminis
1256 1702 1353 1746 mon-

366 1789 569 1867 straremus,
601 1804 642 1848 ne
672 1791 843 1849 temerare
873 1805 978 1848 sacra
1009 1787 1183 1868 regimina
1205 1788 1356 1867 quisquis

368 1892 487 1970 impar
509 1891 562 1953 his
584 1896 631 1953 est
653 1892 779 1953 audeat
802 1895 831 1954 et
858 1908 921 1971 per
943 1891 1256 1972 concupiscenciam
1283 1893 1353 1954 cnt-

368 1995 474 2057 minis
496 1996 657 2057 ducatum
681 1996 846 2076 suscipiat
864 1996 1084 2076 perdicionis.
1116 1994 1211 2058 Hinc
1235 1997 1353 2058 etenim
1368 2001 1391 2052 15

367 2097 516 2161 lacobus
534 2099 593 2180 pie
610 2100 764 2180 prohibet
779 2100 910 2163 dicens:
933 2099 1044 2162 Nolite
1057 2101 1180 2181 plnres
1195 2101 1357 2182 magistri

368 2203 464 2284 steri,
478 2202 617 2283 fratres
639 2205 715 2267 mei.
740 2202 832 2266 Hinc
855 2205 1026 2267 mediator
1041 2203 1107 2266 Dei
1128 2208 1159 2266 et
1179 2205 1355 2267 bominum

365 2308 543 2389 percipere
564 2320 711 2389 regnum
735 2309 851 2371 vitavit
870 2308 1033 2385 interris,
1054 2309 1114 2388 qni
1128 2326 1356 2389 supernorum

367 2413 556 2493 spirituum
579 2413 761 2475 scienciam
785 2430 986 2493 sensumque
1012 2413 1257 2475 transcendens
1281 2417 1358 2475 ante

367 2518 482 2580 secula
505 2521 626 2598 regnat
649 2518 684 2578 in
707 2517 794 2582 celis,
819 2514 994 2598 Scriptum
1013 2517 1137 2597 quippe
1159 2521 1217 2593 est,
1241 2515 1395 2579 Ihesuszo

368 2640 447 2684 cnm
480 2622 694 2703 cognovisset,
730 2623 811 2701 qnia
835 2622 968 2684 venturi
994 2626 1101 2683 essent
1132 2626 1168 2682 nt
1195 2625 1359 2701 raperent

368 2730 398 2789 et
412 2724 573 2804 facerent
587 2744 664 2788 eum
680 2739 806 2806 regem,
814 2727 911 2807 sugit
926 2726 963 2787 in
978 2729 1136 2788 montem.
1165 2722 1252 2805 Quis
1267 2726 1357 2788 euim

363 2830 565 2914 principari
600 2831 794 2894 bominibus
838 2836 911 2894 tam
948 2830 1022 2893 sine
1057 2830 1160 2910 culpa
1192 2831 1358 2911 potuisset

367 2955 473 3023 qnam
495 2937 536 3013 ie,
558 2937 617 3016 qui
640 2937 810 3017 inculpate
831 2940 964 3018 regeret
988 2936 1066 2998 illos
1092 2952 1175 3014 qnos
1205 2934 1358 2997 creavit?

369 3038 436 3103 Sed
458 3041 538 3120 quia
571 3040 699 3102 idcirco
723 3042 886 3103 incarne
918 3044 1063 3117 uenerat,
1095 3044 1131 3101 nt
1153 3057 1222 3101 non
1244 3039 1395 3101 salumn

369 3165 430 3208 nos
456 3164 521 3226 per
549 3146 748 3226 passionem
780 3146 973 3224 redimeret,
1006 3163 1124 3207 uerum
1157 3144 1269 3207 eciam
1292 3162 1359 3225 per

368 3250 662 3313 conversacionem
694 3249 836 3325 doceret,
868 3250 1058 3330 exemplum
1089 3267 1125 3312 se
1146 3249 1359 3329 sequentibus

364 3355 511 3436 prebens
534 3371 592 3416 ree
604 3353 692 3433 fieri
714 3354 831 3431 noluit,
858 3355 907 3415 ad
927 3354 1041 3416 crucis
1062 3371 1139 3416 uero
1159 3353 1357 3433 patibulum

368 3463 485 3539 sponte
516 3459 677 3531 convenit,
709 3459 858 3521 oblatam
886 3458 1040 3539 gloriam
1064 3458 1227 3519 culminis
1248 3456 1357 3537 fugit,

365 3581 494 3643 penam
516 3563 678 3642 probrose
701 3565 824 3624 mortis
845 3564 992 3643 expeciit,
1019 3567 1056 3624 ut
1079 3560 1262 3644 memlbra
1285 3562 1359 3625 eins
1384 3567 1422 3617 251

369 3667 535 3729 discerent
549 3665 694 3745 favores
716 3668 838 3729 mundi
852 3666 989 3749 fugere,
1013 3671 1162 3730 terrores
1177 3666 1357 3729 hominnm

369 3789 435 3832 non
458 3771 589 3849 timere,
607 3789 675 3852 pro
699 3773 839 3834 veritate
861 3773 1010 3835 aduersa
1031 3771 1183 3852 diligere,
1207 3771 1358 3834 timendo

363 3893 537 3956 prospera
560 3876 741 3940 declinare.

424 4111 458 4157 13.
472 4112 562 4157 eada:
581 4125 611 4157 ne
629 4115 725 4158 intrare.
783 4112 816 4167 13,
833 4126 867 4166 ¹⁴·
883 4112 955 4157 eoa:
970 4113 1076 4168 qusquis
1090 4117 1125 4156 eet
1137 4114 1158 4157 te
1172 4125 1249 4169 uper
1261 4115 1357 4159 aaut.

369 4182 476 4227 Correxi.

426 4325 462 4358 ιι.
484 4308 500 4361 l.
519 4325 542 4359 c.
616 4309 828 4371 15.Jnc.111,1.
900 4309 1138 4375 20.Jouv1,15.
