<?xml version="1.0" encoding="UTF-8"?>
<!DOCTYPE html PUBLIC "-//W3C//DTD XHTML 1.0 Transitional//EN"
    "http://www.w3.org/TR/xhtml1/DTD/xhtml1-transitional.dtd">
<html xmlns="http://www.w3.org/1999/xhtml" xml:lang="en" lang="en">
 <head>
  <title>
</title>
<meta http-equiv="Content-Type" content="text/html;charset=utf-8" />
  <meta name='ocr-system' content='tesseract 3.04.00' />
  <meta name='ocr-capabilities' content='ocr_page ocr_carea ocr_par ocr_line ocrx_word'/>
</head>
<body>
  <div class='ocr_page' id='page_1' title='image "./johanniswyclift00mattgoog_0303.png"; bbox 0 0 3008 5026; ppageno 0'>
   <div class='ocr_carea' id='block_1_1' title="bbox 692 380 1351 470">
    <p class='ocr_par' dir='ltr' id='par_1_1' title="bbox 692 380 1351 470">
     <span class='ocr_line' id='line_1_1' title="bbox 692 380 1351 470; baseline -0.021 -16"><span class='ocrx_word' id='word_1_1' title='bbox 692 403 863 455; x_wconf 79' lang='lat' dir='ltr'>Jourmvts</span> <span class='ocrx_word' id='word_1_2' title='bbox 883 402 1024 454; x_wconf 75' lang='lat' dir='ltr'>wvcrrr</span> <span class='ocrx_word' id='word_1_3' title='bbox 1221 380 1305 470; x_wconf 74' lang='lat' dir='ltr'>[cnr.</span> <span class='ocrx_word' id='word_1_4' title='bbox 1320 397 1351 442; x_wconf 85' lang='lat' dir='ltr'>x.</span> 
     </span>
    </p>
   </div>
   <div class='ocr_carea' id='block_1_2' title="bbox 176 559 1377 1170">
    <p class='ocr_par' dir='ltr' id='par_1_2' title="bbox 176 559 1377 1170">
     <span class='ocr_line' id='line_1_2' title="bbox 360 559 1354 646; baseline -0.004 -19"><span class='ocrx_word' id='word_1_5' title='bbox 360 560 524 646; x_wconf 84' lang='lat' dir='ltr'>martyrii</span> <span class='ocrx_word' id='word_1_6' title='bbox 548 560 655 644; x_wconf 87' lang='lat' dir='ltr'>Quod</span> <span class='ocrx_word' id='word_1_7' title='bbox 679 561 708 624; x_wconf 90' lang='lat' dir='ltr'>si</span> <span class='ocrx_word' id='word_1_8' title='bbox 733 572 900 645; x_wconf 84' lang='lat' dir='ltr'><strong>queratur</strong></span> <span class='ocrx_word' id='word_1_9' title='bbox 924 563 969 625; x_wconf 89' lang='lat' dir='ltr'>de</span> <span class='ocrx_word' id='word_1_10' title='bbox 991 559 1190 644; x_wconf 83' lang='lat' dir='ltr'>gravedine</span> <span class='ocrx_word' id='word_1_11' title='bbox 1210 559 1354 644; x_wconf 89' lang='lat' dir='ltr'>peccati</span> 
     </span>
     <span class='ocr_line' id='line_1_3' title="bbox 361 664 1354 750; baseline -0.004 -17"><span class='ocrx_word' id='word_1_12' title='bbox 361 678 564 733; x_wconf 87' lang='lat' dir='ltr'>sanctorum</span> <span class='ocrx_word' id='word_1_13' title='bbox 610 666 862 750; x_wconf 88' lang='lat' dir='ltr'>episcoporum</span> <span class='ocrx_word' id='word_1_14' title='bbox 893 666 1071 750; x_wconf 81' lang='lat' dir='ltr'>primitive</span> <span class='ocrx_word' id='word_1_15' title='bbox 1105 665 1258 730; x_wconf 80' lang='lat' dir='ltr'>ecclesie</span> <span class='ocrx_word' id='word_1_16' title='bbox 1292 664 1354 748; x_wconf 93' lang='lat' dir='ltr'>qui</span> 
     </span>
     <span class='ocr_line' id='line_1_4' title="bbox 361 771 1353 855; baseline -0.004 -19"><span class='ocrx_word' id='word_1_17' title='bbox 361 773 583 837; x_wconf 85' lang='lat' dir='ltr'>dotacionem</span> <span class='ocrx_word' id='word_1_18' title='bbox 606 781 830 855; x_wconf 78' lang='lat' dir='ltr'>receperant,</span> <span class='ocrx_word' id='word_1_19' title='bbox 860 781 994 835; x_wconf 91' lang='lat' dir='ltr'>certum</span> <span class='ocrx_word' id='word_1_20' title='bbox 1023 779 1079 835; x_wconf 89' lang='lat' dir='ltr'>est</span> <span class='ocrx_word' id='word_1_21' title='bbox 1105 771 1202 853; x_wconf 90' lang='lat' dir='ltr'>quod</span> <span class='ocrx_word' id='word_1_22' title='bbox 1225 790 1353 854; x_wconf 91' lang='lat' dir='ltr'>pecca-</span> 
     </span>
     <span class='ocr_line' id='line_1_5' title="bbox 359 873 1354 960; baseline -0.005 -18"><span class='ocrx_word' id='word_1_23' title='bbox 359 887 443 942; x_wconf 88' lang='lat' dir='ltr'>runt</span> <span class='ocrx_word' id='word_1_24' title='bbox 458 876 617 960; x_wconf 88' lang='lat' dir='ltr'>graviter</span> <span class='ocrx_word' id='word_1_25' title='bbox 633 878 699 940; x_wconf 89' lang='lat' dir='ltr'>sed</span> <span class='ocrx_word' id='word_1_26' title='bbox 709 875 898 940; x_wconf 86' lang='lat' dir='ltr'>venialiter</span> <span class='ocrx_word' id='word_1_27' title='bbox 911 896 957 937; x_wconf 85' lang='lat' dir='ltr'>ex</span> <span class='ocrx_word' id='word_1_28' title='bbox 972 875 1111 958; x_wconf 88' lang='lat' dir='ltr'>ingrata</span> <span class='ocrx_word' id='word_1_29' title='bbox 1125 873 1354 958; x_wconf 82' lang='lat' dir='ltr'>negligencia</span> 
     </span>
     <span class='ocr_line' id='line_1_6' title="bbox 361 979 1377 1066; baseline -0.004 -21"><span class='ocrx_word' id='word_1_30' title='bbox 361 990 397 1046; x_wconf 88' lang='lat' dir='ltr'>et</span> <span class='ocrx_word' id='word_1_31' title='bbox 421 1002 608 1059; x_wconf 85' lang='lat' dir='ltr'>consensu,</span> <span class='ocrx_word' id='word_1_32' title='bbox 632 992 671 1046; x_wconf 92' lang='lat' dir='ltr'>ut</span> <span class='ocrx_word' id='word_1_33' title='bbox 693 991 795 1066; x_wconf 87' lang='lat' dir='ltr'>patet</span> <span class='ocrx_word' id='word_1_34' title='bbox 819 1001 865 1044; x_wconf 86' lang='lat' dir='ltr'>ex</span> <span class='ocrx_word' id='word_1_35' title='bbox 889 982 1036 1044; x_wconf 89' lang='lat' dir='ltr'>decreto</span> <span class='ocrx_word' id='word_1_36' title='bbox 1053 979 1149 1042; x_wconf 91' lang='lat' dir='ltr'>beati</span> <span class='ocrx_word' id='word_1_37' title='bbox 1166 979 1377 1062; x_wconf 74' lang='lat' dir='ltr'>Jeronymii</span> 
     </span>
     <span class='ocr_line' id='line_1_7' title="bbox 176 1082 1352 1170; baseline -0.004 -19"><span class='ocrx_word' id='word_1_38' title='bbox 176 1092 228 1137; x_wconf 76' lang='lat' dir='ltr'>The</span> <span class='ocrx_word' id='word_1_39' title='bbox 242 1093 315 1137; x_wconf 76' lang='lat' dir='ltr'>⁵³i¹¹¹⁸</span> <span class='ocrx_word' id='word_1_40' title='bbox 359 1087 480 1170; x_wconf 90' lang='lat' dir='ltr'>posito</span> <span class='ocrx_word' id='word_1_41' title='bbox 503 1087 538 1150; x_wconf 90' lang='lat' dir='ltr'>in</span> <span class='ocrx_word' id='word_1_42' title='bbox 556 1087 612 1150; x_wconf 92' lang='lat' dir='ltr'>De</span> <span class='ocrx_word' id='word_1_43' title='bbox 630 1086 925 1161; x_wconf 78' lang='lat' dir='ltr'>Consecracione‚</span> <span class='ocrx_word' id='word_1_44' title='bbox 950 1084 1185 1148; x_wconf 90' lang='lat' dir='ltr'>distinccione</span> <span class='ocrx_word' id='word_1_45' title='bbox 1200 1083 1248 1146; x_wconf 91' lang='lat' dir='ltr'>V:</span> <span class='ocrx_word' id='word_1_46' title='bbox 1273 1082 1352 1147; x_wconf 88' lang='lat' dir='ltr'>Non</span> 
     </span>
    </p>
   </div>
   <div class='ocr_carea' id='block_1_3' title="bbox 153 1145 1352 1271">
    <p class='ocr_par' dir='ltr' id='par_1_3' title="bbox 153 1145 1352 1271">
     <span class='ocr_line' id='line_1_8' title="bbox 153 1145 1352 1271; baseline -0.003 -16"><span class='ocrx_word' id='word_1_47' title='bbox 153 1145 340 1242; x_wconf 55' lang='lat' dir='ltr'>“gffigssffissgfl</span> <span class='ocrx_word' id='word_1_48' title='bbox 359 1194 583 1256; x_wconf 77' lang='lat' dir='ltr'>mediocriter.</span> <span class='ocrx_word' id='word_1_49' title='bbox 608 1191 654 1255; x_wconf 87' lang='lat' dir='ltr'>Et</span> <span class='ocrx_word' id='word_1_50' title='bbox 677 1193 745 1255; x_wconf 86' lang='lat' dir='ltr'>ista</span> <span class='ocrx_word' id='word_1_51' title='bbox 768 1192 883 1254; x_wconf 91' lang='lat' dir='ltr'>sciunt</span> <span class='ocrx_word' id='word_1_52' title='bbox 906 1191 1012 1253; x_wconf 93' lang='lat' dir='ltr'>modo</span> <span class='ocrx_word' id='word_1_53' title='bbox 1031 1187 1204 1265; x_wconf 75' lang='lat' dir='ltr'>silvestri,</span> <span class='ocrx_word' id='word_1_54' title='bbox 1227 1190 1352 1271; x_wconf 90' lang='lat' dir='ltr'>Augu-</span> 
     </span>
    </p>
   </div>
   <div class='ocr_carea' id='block_1_4' title="bbox 151 1250 1447 3891">
    <p class='ocr_par' dir='ltr' id='par_1_4' title="bbox 151 1250 1447 3891">
     <span class='ocr_line' id='line_1_9' title="bbox 151 1250 1353 1380; baseline -0.004 -20"><span class='ocrx_word' id='word_1_55' title='bbox 151 1250 454 1371; x_wconf 48' lang='lat' dir='ltr'>niieiiiivedqmstini,</span> <span class='ocrx_word' id='word_1_56' title='bbox 479 1295 646 1380; x_wconf 84' lang='lat' dir='ltr'>Gregorii</span> <span class='ocrx_word' id='word_1_57' title='bbox 671 1308 707 1360; x_wconf 91' lang='lat' dir='ltr'>et</span> <span class='ocrx_word' id='word_1_58' title='bbox 731 1295 944 1371; x_wconf 85' lang='lat' dir='ltr'>consimiles,</span> <span class='ocrx_word' id='word_1_59' title='bbox 969 1294 1029 1377; x_wconf 91' lang='lat' dir='ltr'>qui</span> <span class='ocrx_word' id='word_1_60' title='bbox 1053 1293 1088 1356; x_wconf 90' lang='lat' dir='ltr'>in</span> <span class='ocrx_word' id='word_1_61' title='bbox 1108 1294 1177 1356; x_wconf 92' lang='lat' dir='ltr'>hoc</span> <span class='ocrx_word' id='word_1_62' title='bbox 1193 1293 1353 1377; x_wconf 87' lang='lat' dir='ltr'>graviter</span> 
     </span>
     <span class='ocr_line' id='line_1_10' title="bbox 360 1399 1352 1484; baseline -0.004 -20"><span class='ocrx_word' id='word_1_63' title='bbox 360 1411 613 1484; x_wconf 89' lang='lat' dir='ltr'>peccaverunt.</span> <span class='ocrx_word' id='word_1_64' title='bbox 653 1399 726 1466; x_wconf 91' lang='lat' dir='ltr'>Sed</span> <span class='ocrx_word' id='word_1_65' title='bbox 754 1402 914 1465; x_wconf 89' lang='lat' dir='ltr'>secundo</span> <span class='ocrx_word' id='word_1_66' title='bbox 942 1401 1097 1463; x_wconf 90' lang='lat' dir='ltr'>notanda</span> <span class='ocrx_word' id='word_1_67' title='bbox 1125 1407 1180 1461; x_wconf 90' lang='lat' dir='ltr'>est</span> <span class='ocrx_word' id='word_1_68' title='bbox 1208 1399 1352 1474; x_wconf 63' lang='lat' dir='ltr'>cecitas</span> 
     </span>
     <span class='ocr_line' id='line_1_11' title="bbox 361 1502 1396 1589; baseline -0.008 -19"><span class='ocrx_word' id='word_1_69' title='bbox 361 1526 464 1588; x_wconf 88' lang='lat' dir='ltr'>quam</span> <span class='ocrx_word' id='word_1_70' title='bbox 497 1526 585 1589; x_wconf 91' lang='lat' dir='ltr'>sepe</span> <span class='ocrx_word' id='word_1_71' title='bbox 618 1506 764 1589; x_wconf 85' lang='lat' dir='ltr'>repecii‚</span> <span class='ocrx_word' id='word_1_72' title='bbox 797 1507 895 1588; x_wconf 90' lang='lat' dir='ltr'>quod</span> <span class='ocrx_word' id='word_1_73' title='bbox 919 1525 984 1588; x_wconf 89' lang='lat' dir='ltr'>per</span> <span class='ocrx_word' id='word_1_74' title='bbox 1006 1506 1123 1567; x_wconf 89' lang='lat' dir='ltr'>locum</span> <span class='ocrx_word' id='word_1_75' title='bbox 1148 1504 1191 1564; x_wconf 91' lang='lat' dir='ltr'>ab</span> <span class='ocrx_word' id='word_1_76' title='bbox 1219 1502 1396 1565; x_wconf 86' lang='lat' dir='ltr'>insuffi-ro</span> 
     </span>
     <span class='ocr_line' id='line_1_12' title="bbox 362 1607 1352 1691; baseline -0.001 -20"><span class='ocrx_word' id='word_1_77' title='bbox 362 1609 576 1674; x_wconf 90' lang='lat' dir='ltr'>cientissima</span> <span class='ocrx_word' id='word_1_78' title='bbox 599 1611 824 1675; x_wconf 87' lang='lat' dir='ltr'>similitudine</span> <span class='ocrx_word' id='word_1_79' title='bbox 845 1609 1002 1673; x_wconf 90' lang='lat' dir='ltr'>cadimus</span> <span class='ocrx_word' id='word_1_80' title='bbox 1018 1607 1198 1691; x_wconf 92' lang='lat' dir='ltr'>paulative</span> <span class='ocrx_word' id='word_1_81' title='bbox 1221 1617 1352 1671; x_wconf 83' lang='lat' dir='ltr'>astatu</span> 
     </span>
     <span class='ocr_line' id='line_1_13' title="bbox 361 1713 1352 1798; baseline -0.002 -22"><span class='ocrx_word' id='word_1_82' title='bbox 361 1714 570 1797; x_wconf 77' lang='lat' dir='ltr'>apostolico,</span> <span class='ocrx_word' id='word_1_83' title='bbox 599 1716 660 1798; x_wconf 90' lang='lat' dir='ltr'>qui</span> <span class='ocrx_word' id='word_1_84' title='bbox 688 1714 754 1779; x_wconf 85' lang='lat' dir='ltr'>fuit</span> <span class='ocrx_word' id='word_1_85' title='bbox 776 1723 890 1778; x_wconf 88' lang='lat' dir='ltr'>status</span> <span class='ocrx_word' id='word_1_86' title='bbox 914 1713 1042 1777; x_wconf 91' lang='lat' dir='ltr'>viantis</span> <span class='ocrx_word' id='word_1_87' title='bbox 1058 1713 1352 1796; x_wconf 84' lang='lat' dir='ltr'>perfectissimus,</span> 
     </span>
     <span class='ocr_line' id='line_1_14' title="bbox 361 1819 1352 1901; baseline -0.004 -19"><span class='ocrx_word' id='word_1_88' title='bbox 361 1839 474 1901; x_wconf 89' lang='lat' dir='ltr'>usque</span> <span class='ocrx_word' id='word_1_89' title='bbox 508 1821 552 1882; x_wconf 90' lang='lat' dir='ltr'>ad</span> <span class='ocrx_word' id='word_1_90' title='bbox 584 1828 712 1883; x_wconf 89' lang='lat' dir='ltr'>statum</span> <span class='ocrx_word' id='word_1_91' title='bbox 746 1819 832 1882; x_wconf 89' lang='lat' dir='ltr'>cleri</span> <span class='ocrx_word' id='word_1_92' title='bbox 864 1838 1045 1882; x_wconf 89' lang='lat' dir='ltr'>cesareum</span> <span class='ocrx_word' id='word_1_93' title='bbox 1075 1819 1135 1901; x_wconf 91' lang='lat' dir='ltr'>qui</span> <span class='ocrx_word' id='word_1_94' title='bbox 1158 1826 1215 1880; x_wconf 90' lang='lat' dir='ltr'>est</span> <span class='ocrx_word' id='word_1_95' title='bbox 1237 1825 1352 1880; x_wconf 88' lang='lat' dir='ltr'>status</span> 
     </span>
     <span class='ocr_line' id='line_1_15' title="bbox 361 1921 1352 2006; baseline -0.002 -21"><span class='ocrx_word' id='word_1_96' title='bbox 361 1924 446 1985; x_wconf 88' lang='lat' dir='ltr'>cleri</span> <span class='ocrx_word' id='word_1_97' title='bbox 471 1923 743 2002; x_wconf 86' lang='lat' dir='ltr'>abiectissimus;</span> <span class='ocrx_word' id='word_1_98' title='bbox 770 1923 926 2006; x_wconf 89' lang='lat' dir='ltr'>capimus</span> <span class='ocrx_word' id='word_1_99' title='bbox 944 1923 1036 1985; x_wconf 89' lang='lat' dir='ltr'>enim</span> <span class='ocrx_word' id='word_1_100' title='bbox 1051 1923 1138 1985; x_wconf 90' lang='lat' dir='ltr'>illud</span> <span class='ocrx_word' id='word_1_101' title='bbox 1154 1921 1250 2005; x_wconf 92' lang='lat' dir='ltr'>quod</span> <span class='ocrx_word' id='word_1_102' title='bbox 1267 1941 1352 1983; x_wconf 92' lang='lat' dir='ltr'>con·</span> 
     </span>
     <span class='ocr_line' id='line_1_16' title="bbox 361 2029 1395 2111; baseline -0.006 -20"><span class='ocrx_word' id='word_1_103' title='bbox 361 2039 464 2092; x_wconf 89' lang='lat' dir='ltr'>sonat</span> <span class='ocrx_word' id='word_1_104' title='bbox 490 2039 680 2111; x_wconf 90' lang='lat' dir='ltr'>peccatum</span> <span class='ocrx_word' id='word_1_105' title='bbox 708 2029 743 2091; x_wconf 91' lang='lat' dir='ltr'>in</span> <span class='ocrx_word' id='word_1_106' title='bbox 772 2029 886 2111; x_wconf 83' lang='lat' dir='ltr'>gestis</span> <span class='ocrx_word' id='word_1_107' title='bbox 911 2036 1112 2092; x_wconf 90' lang='lat' dir='ltr'>sanctorum</span> <span class='ocrx_word' id='word_1_108' title='bbox 1136 2036 1285 2109; x_wconf 85' lang='lat' dir='ltr'>patrum,</span> <span class='ocrx_word' id='word_1_109' title='bbox 1315 2035 1395 2089; x_wconf 68' lang='lat' dir='ltr'>etis</span> 
     </span>
     <span class='ocr_line' id='line_1_17' title="bbox 360 2130 1352 2215; baseline -0.002 -21"><span class='ocrx_word' id='word_1_110' title='bbox 360 2132 446 2194; x_wconf 91' lang='lat' dir='ltr'>illud</span> <span class='ocrx_word' id='word_1_111' title='bbox 470 2133 706 2213; x_wconf 79' lang='lat' dir='ltr'>extendimuS,</span> <span class='ocrx_word' id='word_1_112' title='bbox 731 2134 795 2196; x_wconf 89' lang='lat' dir='ltr'>sed</span> <span class='ocrx_word' id='word_1_113' title='bbox 819 2132 904 2197; x_wconf 92' lang='lat' dir='ltr'>illud</span> <span class='ocrx_word' id='word_1_114' title='bbox 928 2134 1026 2215; x_wconf 91' lang='lat' dir='ltr'>quod</span> <span class='ocrx_word' id='word_1_115' title='bbox 1060 2139 1163 2194; x_wconf 91' lang='lat' dir='ltr'>sonat</span> <span class='ocrx_word' id='word_1_116' title='bbox 1184 2130 1352 2194; x_wconf 90' lang='lat' dir='ltr'>virtutem</span> 
     </span>
     <span class='ocr_line' id='line_1_18' title="bbox 361 2234 1353 2322; baseline -0.002 -23"><span class='ocrx_word' id='word_1_117' title='bbox 361 2237 564 2301; x_wconf 89' lang='lat' dir='ltr'>omittimus.</span> <span class='ocrx_word' id='word_1_118' title='bbox 589 2237 640 2302; x_wconf 91' lang='lat' dir='ltr'>Ut</span> <span class='ocrx_word' id='word_1_119' title='bbox 663 2238 858 2320; x_wconf 87' lang='lat' dir='ltr'>sophistice</span> <span class='ocrx_word' id='word_1_120' title='bbox 882 2237 1053 2322; x_wconf 88' lang='lat' dir='ltr'>arguitur,</span> <span class='ocrx_word' id='word_1_121' title='bbox 1077 2236 1106 2299; x_wconf 91' lang='lat' dir='ltr'>si</span> <span class='ocrx_word' id='word_1_122' title='bbox 1131 2234 1215 2300; x_wconf 87' lang='lat' dir='ltr'>dicti</span> <span class='ocrx_word' id='word_1_123' title='bbox 1238 2235 1353 2299; x_wconf 88' lang='lat' dir='ltr'>sancti</span> 
     </span>
     <span class='ocr_line' id='line_1_19' title="bbox 359 2341 1353 2426; baseline -0.002 -22"><span class='ocrx_word' id='word_1_124' title='bbox 359 2352 577 2425; x_wconf 88' lang='lat' dir='ltr'>receperunt</span> <span class='ocrx_word' id='word_1_125' title='bbox 609 2343 819 2426; x_wconf 87' lang='lat' dir='ltr'>temporalia</span> <span class='ocrx_word' id='word_1_126' title='bbox 852 2341 1150 2426; x_wconf 84' lang='lat' dir='ltr'>supereffluenter</span> <span class='ocrx_word' id='word_1_127' title='bbox 1182 2361 1228 2403; x_wconf 86' lang='lat' dir='ltr'>ex</span> <span class='ocrx_word' id='word_1_128' title='bbox 1262 2361 1353 2423; x_wconf 89' lang='lat' dir='ltr'>pura</span> 
     </span>
     <span class='ocr_line' id='line_1_20' title="bbox 361 2446 1351 2526; baseline -0.002 -18"><span class='ocrx_word' id='word_1_129' title='bbox 361 2446 569 2511; x_wconf 87' lang='lat' dir='ltr'>secularium</span> <span class='ocrx_word' id='word_1_130' title='bbox 604 2447 796 2510; x_wconf 89' lang='lat' dir='ltr'>elemosina</span> <span class='ocrx_word' id='word_1_131' title='bbox 837 2457 874 2511; x_wconf 86' lang='lat' dir='ltr'>et</span> <span class='ocrx_word' id='word_1_132' title='bbox 905 2456 1016 2511; x_wconf 90' lang='lat' dir='ltr'>totum</span> <span class='ocrx_word' id='word_1_133' title='bbox 1050 2446 1230 2509; x_wconf 88' lang='lat' dir='ltr'>residuum</span> <span class='ocrx_word' id='word_1_134' title='bbox 1266 2465 1351 2526; x_wconf 89' lang='lat' dir='ltr'>pau-</span> 
     </span>
     <span class='ocr_line' id='line_1_21' title="bbox 360 2548 1397 2636; baseline -0.005 -22"><span class='ocrx_word' id='word_1_135' title='bbox 360 2552 507 2634; x_wconf 90' lang='lat' dir='ltr'>peribus</span> <span class='ocrx_word' id='word_1_136' title='bbox 540 2561 742 2634; x_wconf 85' lang='lat' dir='ltr'>erogarunt,</span> <span class='ocrx_word' id='word_1_137' title='bbox 774 2552 883 2635; x_wconf 87' lang='lat' dir='ltr'>igitur</span> <span class='ocrx_word' id='word_1_138' title='bbox 915 2572 981 2636; x_wconf 90' lang='lat' dir='ltr'>per</span> <span class='ocrx_word' id='word_1_139' title='bbox 1012 2552 1104 2615; x_wconf 90' lang='lat' dir='ltr'>idem</span> <span class='ocrx_word' id='word_1_140' title='bbox 1137 2551 1222 2614; x_wconf 89' lang='lat' dir='ltr'>licet</span> <span class='ocrx_word' id='word_1_141' title='bbox 1245 2548 1352 2611; x_wconf 89' lang='lat' dir='ltr'>nobis</span> <span class='ocrx_word' id='word_1_142' title='bbox 1365 2574 1397 2608; x_wconf 83' lang='lat'>20</span> 
     </span>
     <span class='ocr_line' id='line_1_22' title="bbox 362 2654 1351 2740; baseline -0.003 -21"><span class='ocrx_word' id='word_1_143' title='bbox 362 2666 686 2738; x_wconf 87' lang='lat' dir='ltr'>quantumcumque</span> <span class='ocrx_word' id='word_1_144' title='bbox 711 2659 826 2740; x_wconf 87' lang='lat' dir='ltr'>ample</span> <span class='ocrx_word' id='word_1_145' title='bbox 851 2667 1069 2740; x_wconf 86' lang='lat' dir='ltr'>extorquere</span> <span class='ocrx_word' id='word_1_146' title='bbox 1094 2654 1248 2719; x_wconf 88' lang='lat' dir='ltr'>dominia</span> <span class='ocrx_word' id='word_1_147' title='bbox 1263 2663 1351 2717; x_wconf 89' lang='lat' dir='ltr'>tam-</span> 
     </span>
     <span class='ocr_line' id='line_1_23' title="bbox 361 2760 1351 2845; baseline -0.001 -22"><span class='ocrx_word' id='word_1_148' title='bbox 361 2781 464 2843; x_wconf 88' lang='lat' dir='ltr'>quam</span> <span class='ocrx_word' id='word_1_149' title='bbox 488 2763 564 2824; x_wconf 88' lang='lat' dir='ltr'>sine</span> <span class='ocrx_word' id='word_1_150' title='bbox 589 2763 781 2826; x_wconf 86' lang='lat' dir='ltr'>elemosina</span> <span class='ocrx_word' id='word_1_151' title='bbox 804 2764 1013 2826; x_wconf 87' lang='lat' dir='ltr'>secularium</span> <span class='ocrx_word' id='word_1_152' title='bbox 1036 2762 1151 2845; x_wconf 89' lang='lat' dir='ltr'>primo</span> <span class='ocrx_word' id='word_1_153' title='bbox 1167 2760 1271 2824; x_wconf 90' lang='lat' dir='ltr'>nobis</span> <span class='ocrx_word' id='word_1_154' title='bbox 1289 2760 1351 2822; x_wconf 90' lang='lat' dir='ltr'>de·</span> 
     </span>
     <span class='ocr_line' id='line_1_24' title="bbox 361 2865 1350 2948; baseline -0.003 -18"><span class='ocrx_word' id='word_1_155' title='bbox 361 2865 443 2942; x_wconf 77' lang='lat' dir='ltr'>bita,</span> <span class='ocrx_word' id='word_1_156' title='bbox 478 2875 514 2929; x_wconf 89' lang='lat' dir='ltr'>et</span> <span class='ocrx_word' id='word_1_157' title='bbox 537 2867 681 2930; x_wconf 91' lang='lat' dir='ltr'>dimisso</span> <span class='ocrx_word' id='word_1_158' title='bbox 707 2888 828 2930; x_wconf 88' lang='lat' dir='ltr'>eorum</span> <span class='ocrx_word' id='word_1_159' title='bbox 861 2887 927 2930; x_wconf 91' lang='lat' dir='ltr'>usu</span> <span class='ocrx_word' id='word_1_160' title='bbox 952 2866 1004 2930; x_wconf 89' lang='lat' dir='ltr'>eis</span> <span class='ocrx_word' id='word_1_161' title='bbox 1033 2866 1130 2930; x_wconf 89' lang='lat' dir='ltr'>abuti</span> <span class='ocrx_word' id='word_1_162' title='bbox 1162 2874 1350 2948; x_wconf 90' lang='lat' dir='ltr'>quantum-</span> 
     </span>
     <span class='ocr_line' id='line_1_25' title="bbox 362 2971 1351 3054; baseline 0 -21"><span class='ocrx_word' id='word_1_163' title='bbox 362 2991 512 3053; x_wconf 90' lang='lat' dir='ltr'>cumque</span> <span class='ocrx_word' id='word_1_164' title='bbox 537 2974 754 3054; x_wconf 90' lang='lat' dir='ltr'>voluptuose</span> <span class='ocrx_word' id='word_1_165' title='bbox 788 2981 823 3033; x_wconf 89' lang='lat' dir='ltr'>et</span> <span class='ocrx_word' id='word_1_166' title='bbox 856 2971 1063 3034; x_wconf 87' lang='lat' dir='ltr'>seculariter</span> <span class='ocrx_word' id='word_1_167' title='bbox 1096 2972 1351 3034; x_wconf 86' lang='lat' dir='ltr'>conversando.</span> 
     </span>
     <span class='ocr_line' id='line_1_26' title="bbox 362 3073 1396 3157; baseline -0.002 -20"><span class='ocrx_word' id='word_1_168' title='bbox 362 3073 421 3138; x_wconf 89' lang='lat' dir='ltr'>Sic</span> <span class='ocrx_word' id='word_1_169' title='bbox 447 3076 537 3138; x_wconf 92' lang='lat' dir='ltr'>enim</span> <span class='ocrx_word' id='word_1_170' title='bbox 562 3075 806 3139; x_wconf 86' lang='lat' dir='ltr'>concludimus</span> <span class='ocrx_word' id='word_1_171' title='bbox 823 3076 858 3138; x_wconf 91' lang='lat' dir='ltr'>in</span> <span class='ocrx_word' id='word_1_172' title='bbox 876 3075 1006 3138; x_wconf 85' lang='lat' dir='ltr'>effectu</span> <span class='ocrx_word' id='word_1_173' title='bbox 1031 3085 1077 3150; x_wconf 91' lang='lat' dir='ltr'>et,</span> <span class='ocrx_word' id='word_1_174' title='bbox 1102 3075 1396 3157; x_wconf 83' lang='lat' dir='ltr'>amplificand025</span> 
     </span>
     <span class='ocr_line' id='line_1_27' title="bbox 361 3180 1351 3263; baseline -0.001 -20"><span class='ocrx_word' id='word_1_175' title='bbox 361 3181 500 3263; x_wconf 90' lang='lat' dir='ltr'>eulpam</span> <span class='ocrx_word' id='word_1_176' title='bbox 529 3202 569 3244; x_wconf 92' lang='lat' dir='ltr'>ac</span> <span class='ocrx_word' id='word_1_177' title='bbox 597 3180 808 3245; x_wconf 86' lang='lat' dir='ltr'>dimittendo</span> <span class='ocrx_word' id='word_1_178' title='bbox 836 3181 1100 3263; x_wconf 87' lang='lat' dir='ltr'>perfeccionem</span> <span class='ocrx_word' id='word_1_179' title='bbox 1128 3181 1351 3258; x_wconf 74' lang='lat' dir='ltr'>laudabilem,</span> 
     </span>
     <span class='ocr_line' id='line_1_28' title="bbox 362 3285 1351 3368; baseline 0.002 -22"><span class='ocrx_word' id='word_1_180' title='bbox 362 3304 529 3367; x_wconf 86' lang='lat' dir='ltr'>augemur</span> <span class='ocrx_word' id='word_1_181' title='bbox 562 3285 722 3348; x_wconf 89' lang='lat' dir='ltr'>nimirum</span> <span class='ocrx_word' id='word_1_182' title='bbox 755 3285 963 3349; x_wconf 86' lang='lat' dir='ltr'>difformiter</span> <span class='ocrx_word' id='word_1_183' title='bbox 991 3288 1163 3349; x_wconf 87' lang='lat' dir='ltr'>ambobus</span> <span class='ocrx_word' id='word_1_184' title='bbox 1187 3285 1351 3368; x_wconf 88' lang='lat' dir='ltr'>partibus</span> 
     </span>
     <span class='ocr_line' id='line_1_29' title="bbox 359 3389 1350 3473; baseline 0 -22"><span class='ocrx_word' id='word_1_185' title='bbox 359 3389 394 3451; x_wconf 88' lang='lat' dir='ltr'>in</span> <span class='ocrx_word' id='word_1_186' title='bbox 427 3391 631 3472; x_wconf 88' lang='lat' dir='ltr'>voraginem</span> <span class='ocrx_word' id='word_1_187' title='bbox 663 3391 845 3453; x_wconf 89' lang='lat' dir='ltr'>viciorum.</span> <span class='ocrx_word' id='word_1_188' title='bbox 888 3391 976 3453; x_wconf 90' lang='lat' dir='ltr'>Ideo</span> <span class='ocrx_word' id='word_1_189' title='bbox 1009 3390 1211 3473; x_wconf 85' lang='lat' dir='ltr'>perfeccius</span> <span class='ocrx_word' id='word_1_190' title='bbox 1243 3398 1350 3471; x_wconf 89' lang='lat' dir='ltr'>atque</span> 
     </span>
     <span class='ocr_line' id='line_1_30' title="bbox 361 3494 1447 3578; baseline 0.002 -24"><span class='ocrx_word' id='word_1_191' title='bbox 361 3494 521 3557; x_wconf 88' lang='lat' dir='ltr'>securius</span> <span class='ocrx_word' id='word_1_192' title='bbox 545 3495 638 3558; x_wconf 85' lang='lat' dir='ltr'>foret</span> <span class='ocrx_word' id='word_1_193' title='bbox 665 3496 769 3558; x_wconf 90' lang='lat' dir='ltr'>nobis</span> <span class='ocrx_word' id='word_1_194' title='bbox 793 3504 916 3558; x_wconf 88' lang='lat' dir='ltr'>tenere</span> <span class='ocrx_word' id='word_1_195' title='bbox 937 3496 941 3578; x_wconf 70' lang='lat' dir='ltr'>l</span> <span class='ocrx_word' id='word_1_196' title='bbox 961 3494 1089 3558; x_wconf 89' lang='lat' dir='ltr'>limites</span> <span class='ocrx_word' id='word_1_197' title='bbox 1122 3514 1211 3576; x_wconf 89' lang='lat' dir='ltr'>quos</span> <span class='ocrx_word' id='word_1_198' title='bbox 1247 3495 1351 3557; x_wconf 88' lang='lat' dir='ltr'>Deus</span> <span class='ocrx_word' id='word_1_199' title='bbox 1383 3499 1447 3552; x_wconf 71' lang='lat' dir='ltr'>221b</span> 
     </span>
     <span class='ocr_line' id='line_1_31' title="bbox 359 3597 1397 3676; baseline -0.004 -17"><span class='ocrx_word' id='word_1_200' title='bbox 359 3597 521 3675; x_wconf 77' lang='lat' dir='ltr'>instituit,</span> <span class='ocrx_word' id='word_1_201' title='bbox 556 3600 711 3663; x_wconf 87' lang='lat' dir='ltr'>vivendo</span> <span class='ocrx_word' id='word_1_202' title='bbox 751 3601 795 3662; x_wconf 90' lang='lat' dir='ltr'>de</span> <span class='ocrx_word' id='word_1_203' title='bbox 833 3599 989 3676; x_wconf 63' lang='lat' dir='ltr'>decimis</span> <span class='ocrx_word' id='word_1_204' title='bbox 1028 3598 1275 3662; x_wconf 88' lang='lat' dir='ltr'>oblacionibus</span> <span class='ocrx_word' id='word_1_205' title='bbox 1314 3609 1351 3660; x_wconf 95' lang='lat' dir='ltr'>et</span> <span class='ocrx_word' id='word_1_206' title='bbox 1363 3608 1397 3657; x_wconf 74' lang='lat'>30</span> 
     </span>
     <span class='ocr_line' id='line_1_32' title="bbox 360 3702 1350 3787; baseline 0.001 -22"><span class='ocrx_word' id='word_1_207' title='bbox 360 3702 508 3785; x_wconf 86' lang='lat' dir='ltr'>privatis</span> <span class='ocrx_word' id='word_1_208' title='bbox 526 3704 739 3781; x_wconf 81' lang='lat' dir='ltr'>elemosinis,</span> <span class='ocrx_word' id='word_1_209' title='bbox 760 3704 843 3787; x_wconf 91' lang='lat' dir='ltr'>quia</span> <span class='ocrx_word' id='word_1_210' title='bbox 859 3704 1155 3786; x_wconf 83' lang='lat' dir='ltr'>transgrediendo</span> <span class='ocrx_word' id='word_1_211' title='bbox 1178 3703 1350 3768; x_wconf 89' lang='lat' dir='ltr'>terminos</span> 
     </span>
     <span class='ocr_line' id='line_1_33' title="bbox 362 3807 1350 3891; baseline 0 -21"><span class='ocrx_word' id='word_1_212' title='bbox 362 3827 453 3890; x_wconf 90' lang='lat' dir='ltr'>quos</span> <span class='ocrx_word' id='word_1_213' title='bbox 477 3807 638 3871; x_wconf 87' lang='lat' dir='ltr'>Christus</span> <span class='ocrx_word' id='word_1_214' title='bbox 662 3809 814 3873; x_wconf 88' lang='lat' dir='ltr'>instituit</span> <span class='ocrx_word' id='word_1_215' title='bbox 843 3811 965 3872; x_wconf 87' lang='lat' dir='ltr'>damus</span> <span class='ocrx_word' id='word_1_216' title='bbox 993 3808 1098 3871; x_wconf 88' lang='lat' dir='ltr'>nobis</span> <span class='ocrx_word' id='word_1_217' title='bbox 1132 3818 1168 3871; x_wconf 90' lang='lat' dir='ltr'>et</span> <span class='ocrx_word' id='word_1_218' title='bbox 1193 3808 1350 3891; x_wconf 87' lang='lat' dir='ltr'>posteris</span> 
     </span>
    </p>
   </div>
   <div class='ocr_carea' id='block_1_5' title="bbox 362 3911 1349 3995">
    <p class='ocr_par' dir='ltr' id='par_1_5' title="bbox 362 3911 1349 3995">
     <span class='ocr_line' id='line_1_34' title="bbox 362 3911 1349 3995; baseline 0.001 -22"><span class='ocrx_word' id='word_1_219' title='bbox 362 3911 581 3976; x_wconf 86' lang='lat' dir='ltr'>evidenciam</span> <span class='ocrx_word' id='word_1_220' title='bbox 617 3915 813 3978; x_wconf 89' lang='lat' dir='ltr'>corruendi.</span> <span class='ocrx_word' id='word_1_221' title='bbox 851 3915 897 3977; x_wconf 90' lang='lat' dir='ltr'>Et</span> <span class='ocrx_word' id='word_1_222' title='bbox 927 3916 994 3977; x_wconf 90' lang='lat' dir='ltr'>hec</span> <span class='ocrx_word' id='word_1_223' title='bbox 1022 3913 1089 3976; x_wconf 85' lang='lat' dir='ltr'>fuit</span> <span class='ocrx_word' id='word_1_224' title='bbox 1113 3932 1218 3976; x_wconf 90' lang='lat' dir='ltr'>causa</span> <span class='ocrx_word' id='word_1_225' title='bbox 1240 3933 1349 3995; x_wconf 88' lang='lat' dir='ltr'>quare</span> 
     </span>
    </p>
   </div>
   <div class='ocr_carea' id='block_1_6' title="bbox 360 4153 1351 4283">
    <p class='ocr_par' dir='ltr' id='par_1_6' title="bbox 360 4153 1351 4283">
     <span class='ocr_line' id='line_1_35' title="bbox 412 4153 1351 4211; baseline 0.002 -16"><span class='ocrx_word' id='word_1_226' title='bbox 412 4165 433 4208; x_wconf 87' lang='lat'>7.</span> <span class='ocrx_word' id='word_1_227' title='bbox 445 4155 528 4205; x_wconf 84' lang='lat' dir='ltr'>modo;</span> <span class='ocrx_word' id='word_1_228' title='bbox 543 4153 631 4198; x_wconf 69' lang='lat' dir='ltr'>codd:</span> <span class='ocrx_word' id='word_1_229' title='bbox 644 4155 715 4198; x_wconf 80' lang='lat' dir='ltr'>modi.</span> <span class='ocrx_word' id='word_1_230' title='bbox 770 4170 791 4211; x_wconf 72' lang='grc' dir='ltr'>ς).</span> <span class='ocrx_word' id='word_1_231' title='bbox 808 4154 884 4197; x_wconf 73' lang='lat' dir='ltr'>codd.</span> <span class='ocrx_word' id='word_1_232' title='bbox 900 4155 922 4197; x_wconf 85' lang='lat' dir='ltr'>in</span> <span class='ocrx_word' id='word_1_233' title='bbox 939 4168 1024 4210; x_wconf 67' lang='lat' dir='ltr'>marg:</span> <span class='ocrx_word' id='word_1_234' title='bbox 1045 4154 1198 4198; x_wconf 79' lang='lat' dir='ltr'>Dotatr&#39;onem</span> <span class='ocrx_word' id='word_1_235' title='bbox 1213 4154 1351 4210; x_wconf 63' lang='lat' dir='ltr'>recipientes</span> 
     </span>
     <span class='ocr_line' id='line_1_36' title="bbox 360 4224 1112 4283; baseline 0 -17"><span class='ocrx_word' id='word_1_236' title='bbox 360 4224 437 4266; x_wconf 74' lang='lat' dir='ltr'>tancti</span> <span class='ocrx_word' id='word_1_237' title='bbox 450 4224 564 4278; x_wconf 82' lang='lat' dir='ltr'>quomodo</span> <span class='ocrx_word' id='word_1_238' title='bbox 577 4230 742 4278; x_wconf 75' lang='lat' dir='ltr'>peccaverunt.</span> <span class='ocrx_word' id='word_1_239' title='bbox 799 4237 835 4280; x_wconf 86' lang='lat'>²7·</span> <span class='ocrx_word' id='word_1_240' title='bbox 851 4236 977 4283; x_wconf 75' lang='lat' dir='ltr'>augentur.</span> <span class='ocrx_word' id='word_1_241' title='bbox 992 4225 1026 4267; x_wconf 89' lang='lat' dir='ltr'>lta</span> <span class='ocrx_word' id='word_1_242' title='bbox 1041 4225 1112 4270; x_wconf 84' lang='lat' dir='ltr'>codd.</span> 
     </span>
    </p>
   </div>
   <div class='ocr_carea' id='block_1_7' title="bbox 412 4348 630 4417">
    <p class='ocr_par' dir='ltr' id='par_1_7' title="bbox 412 4348 630 4417">
     <span class='ocr_line' id='line_1_37' title="bbox 412 4348 630 4417; baseline 0.014 -19"><span class='ocrx_word' id='word_1_243' title='bbox 412 4348 436 4406; x_wconf 79' lang='lat' dir='ltr'>o,</span> <span class='ocrx_word' id='word_1_244' title='bbox 457 4349 520 4417; x_wconf 75' lang='lat' dir='ltr'>cap.</span> <span class='ocrx_word' id='word_1_245' title='bbox 540 4350 630 4402; x_wconf 81' lang='lat' dir='ltr'>xxlv</span> 
     </span>
    </p>
   </div>
   <div class='ocr_carea' id='block_1_8' title="bbox 0 0 1511 5026">
    <p class='ocr_par' dir='ltr' id='par_1_8' title="bbox 0 0 1511 5026">
     <span class='ocr_line' id='line_1_38' title="bbox 0 0 1511 5026; baseline 0 0"><span class='ocrx_word' id='word_1_246' title='bbox 0 0 1511 5026; x_wconf 95' lang='lat' dir='ltr'> </span> 
     </span>
    </p>
   </div>
  </div>
 </body>
</html>
