3008 5026
152 373 221 418 cun.
236 363 287 443 xi]
454 378 500 428 ns
519 376 729 428 potestate
749 376 845 427 Plau.
1296 387 1357 450 299

153 533 270 597 ciendi
292 534 463 611 miracula,
486 554 569 617 ymo
593 541 765 617 potestas,
789 552 895 615 quam
911 532 1142 616 Evangelista
1174 556 1279 601 ninere·
1294 558 1339 630 ule

151 638 274 702 habuit
296 640 344 702 ad
366 640 573 703 incitandum
597 640 726 703 littorio
751 657 919 702 saxorum
933 637 1141 718 fragmenta
1170 608 1341 717 willl⁰ll¹22⁸u

152 745 189 806 in
208 755 370 825 gemmas
391 749 421 807 el
442 745 613 809 silvestres
625 744 775 825 frondes
797 744 833 805 in
856 760 996 819 aurum,
1023 740 1139 826 foretl
1217 714 1287 759 ‘'¹²¹¹‘'

76 861 122 917 35⁴
151 849 283 911 mundo
315 846 436 912 utilior
473 868 575 931 quam
617 856 900 931 quantacumque
936 845 1141 929 temporalis

125 951 349 1035 5possessio,
378 953 469 1016 sicut
496 961 688 1017 testaretur
712 951 820 1015 eciam
845 950 980 1034 Symon
1008 969 1141 1034 magus.

197 1056 270 1120 Ista
291 1065 410 1121 autem
437 1058 620 1121 sentencia
642 1059 801 1140 placeret
829 1054 1039 1138 quibusdam
1064 1055 1141 1138 epi-

153 1160 274 1244 scopis
312 1160 383 1244 qui,
420 1161 505 1224 licet
543 1164 700 1225 debeant
736 1162 868 1223 habere
908 1158 1024 1223 omnia
1061 1180 1140 1223 cum

152 1264 321 1328 fratribus
344 1265 380 1328 in
401 1266 585 1343 communi,
609 1276 727 1330 tamen
743 1272 859 1329 stante
874 1264 943 1327 ista
959 1264 1142 1327 sentencia

152 1388 219 1451 pro
244 1368 499 1433 conservandis
515 1369 599 1453 suis
622 1368 821 1453 privilegiis
848 1387 921 1431 nou
944 1367 1142 1432 tribuerent

105 1503 142 1540 ιο
152 1475 205 1538 eis
229 1475 435 1558 temporalia
457 1477 540 1559 plus
563 1478 622 1539 vel
644 1475 769 1540 minus.
793 1475 840 1538 Et
862 1475 972 1538 multo
997 1472 1140 1536 eviden-

153 1579 228 1643 cius
251 1599 318 1642 nec
341 1579 466 1662 aliquis
489 1581 667 1646 secularis.
704 1579 870 1665 Dignitas
900 1578 1020 1661 itaque
1044 1577 1141 1640 cleri·

153 1684 238 1747 calis
255 1692 311 1747 est
321 1683 495 1766 dignitate
506 1684 656 1748 seculari
666 1683 897 1759 necessarior,
914 1683 979 1745 sed
995 1690 1141 1765 oportet
1159 1705 1210 1749 Tne
1224 1705 1313 1762 aiunuy
1327 1705 1354 1750 or

152 1789 249 1871 quod
273 1787 319 1851 sit
340 1785 399 1850 illa
423 1787 577 1870 dignitas
600 1787 822 1871 paupertatis
850 1795 887 1849 et
909 1785 1013 1850 moris
1036 1807 1139 1869 quam
1182 1757 1321 1854 lllnlilll

1188 1870 1274 1959 overtp
1283 1862 1329 1906 und

153 1892 313 1956 Christus
345 1891 507 1970 instituit,
545 1892 627 1974 quia
659 1892 828 1955 secularis
863 1890 1016 1976 dignitas
1054 1892 1140 1955 cleri
1162 1875 1258 1960 Sanan
1276 1914 1349 1959 eure.

107 2007 335 2080 &utramque
346 2007 483 2079 partem
499 1997 617 2061 matris
633 2006 755 2061 nostre
771 1996 953 2060 intoxicat.
978 1994 1139 2059 Christus

152 2102 245 2165 enim
268 2102 302 2165 in
328 2101 510 2164 cunabulis
533 2102 618 2166 satis
641 2101 860 2184 pauperibus
884 2102 1051 2165 adoratus
1073 2101 1141 2165 fuit

151 2227 171 2270 a
193 2206 350 2291 regibus,
373 2215 411 2268 ut
427 2215 528 2288 patet
541 2206 665 2271 Matth.
683 2205 727 2271 11.
752 2204 825 2270 Sed
840 2205 984 2269 indutus
1001 2214 1140 2269 vestem

150 2329 365 2393 purpuream
397 2309 463 2373 fuit
494 2309 692 2393 flagellatus
716 2330 735 2372 a
758 2309 936 2388 militibus,
968 2318 1008 2373 ut
1039 2316 1141 2393 patet

151 2414 237 2478 Mar.
260 2413 343 2479 XV.
367 2414 473 2477 Unde
496 2415 669 2498 premittit
693 2415 990 2478 exoneracionem
1015 2425 1051 2478 et
1075 2434 1138 2478 ex·

106 2517 352 2582 20cussionem
368 2518 509 2581 lestuce
526 2519 677 2583 fedantis
702 2519 898 2596 ecclesiam,
923 2519 1033 2583 etsie
1056 2528 1138 2583 tam·

151 2641 254 2704 quam
286 2622 433 2687 formam
465 2623 618 2687 ultimam
650 2624 706 2687 vie
739 2622 875 2688 inducit
906 2623 1138 2706 apostolicam

152 2725 371 2808 dignitatem,
395 2736 433 2791 ut
455 2736 555 2811 patet
577 2729 701 2794 Matth.
724 2727 830 2794 XIX.
867 2728 913 2792 Et
935 2728 1068 2792 ibidem
1091 2727 1139 2791 di·

152 2831 255 2894 citur:
279 2829 318 2894 Si
331 2833 384 2897 vis
397 2832 569 2914 perfectus
587 2852 666 2912 esse,
681 2835 767 2897 vade
781 2839 810 2896 et
825 2834 929 2897 vende
943 2834 1062 2897 omnia
1077 2851 1140 2914 que

149 2937 260 3012 habes,
277 2938 362 3000 etde
373 2939 595 3019 pauperibus,
611 2942 640 2999 ct
656 2939 738 3014 veni,
753 2957 890 3020 sequere
900 2957 961 3002 naa
979 2936 1139 3001 Christus

108 3039 244 3103 zienim
276 3040 389 3103 noluit
420 3060 505 3103 suos
533 3041 719 3123 apostolos
752 3040 921 3124 occupari
948 3041 1041 3104 circa
1069 3051 1138 3105 tam

153 3144 421 3228 contemptibile
446 3143 611 3222 officium,
641 3145 838 3209 cuiusmodi
866 3155 922 3209 est
949 3144 1062 3209 civilis
1090 3145 1138 3207 di·

152 3248 324 3313 stribucio
364 3249 558 3314 elemosine
598 3250 807 3332 corporalis3
845 3251 915 3313 hoc
953 3249 1044 3313 enim
1083 3259 1139 3312 est

150 3355 286 3435 laycale
318 3353 483 3432 officium,
516 3355 614 3438 quod
646 3355 852 3418 sacerdotes
880 3356 1017 3417 debent
1042 3362 1140 3437 post·

151 3477 297 3540 ponere.

109 3573 142 3624 30
196 3561 360 3625 Tercium
398 3582 486 3626 vero
526 3565 729 3646 exemplum
762 3562 911 3646 periculi
948 3572 1004 3626 est
1042 3565 1140 3646 quod

153 3667 335 3748 Apostolo
359 3666 489 3731 ferenti
512 3667 804 3732 benediccionem
828 3668 887 3731 vel
910 3667 1138 3731 elemosinam

153 3770 283 3835 sanctis
315 3772 510 3851 Jerusalem
543 3771 711 3854 opposite
747 3770 890 3834 fuerunt
926 3771 1063 3848 insidie,
1101 3781 1140 3837 ut

151 3873 307 3937 innuitur
322 3876 405 3939 Act.
421 3874 508 3939 XX.
533 3875 611 3938 Non
627 3877 793 3939 obstante
814 3883 931 3939 autem
954 3874 1140 3958 multiplici

153 3979 336 4043 evidencia
351 3979 457 4057 fideli,
467 3980 635 4060 nonnulli,
646 3981 706 4063 qui
721 3988 956 4062 gustaverunt
969 3979 1139 4044 altissime

110 4093 141 4146 35
152 4084 374 4168 paupertatis
384 4085 617 4164 dulcedinem,
631 4086 766 4150 habent
776 4105 824 4149 ex
836 4084 1012 4169 religione
1023 4084 1140 4150 omnia

205 4327 227 4364 a.
248 4312 286 4362 De
305 4312 424 4362 Ecclesia
442 4326 500 4378 pag.
525 4309 572 4381 189
590 4313 641 4363 and
660 4309 690 4362 81
712 4327 802 4379 supra.
