3008 5026
133 385 200 431 ω.
215 368 258 458 x]
431 387 475 438 uu
495 386 707 439 potissime
726 386 823 440 exer.

132 546 395 630 respondenter
411 542 573 621 effectus,
589 543 727 626 posicio
745 545 805 608 vel
821 543 1024 610 subtraccio
1040 563 1120 608 con·

133 660 310 734 sequetur.
348 648 435 714 Cum
467 649 575 735 igitur
602 658 684 714 ante
709 649 934 714 dotacionem
961 649 1123 714 nonfuit

133 756 212 820 talis
237 755 364 819 divisio
388 774 454 817 nec
479 755 592 817 adhuc
617 763 681 832 est,
710 755 771 818 ubi
793 775 864 819 non
894 764 950 818 est
971 753 1123 817 ecclesia

134 861 184 925 sic
208 861 339 936 dotata,
365 858 666 922 evidentissimum
692 868 757 938 est,
790 860 888 941 quod
910 858 1015 923 litura
1037 866 1121 922 tem·

110 965 306 1049 §poralium
331 972 368 1027 et
391 965 557 1046 voluptas
580 963 727 1029 honoris
749 963 916 1027 mundani
937 973 993 1028 est
1009 982 1122 1028 causa.

134 1068 221 1132 Cum
252 1068 363 1152 igitur
394 1068 509 1131 omnia
540 1067 607 1132 ista
638 1067 797 1150 pericula
819 1077 1034 1131 evacuantur
1056 1086 1123 1151 per

134 1171 468 1256 expropriacionem
502 1181 538 1235 et
571 1172 836 1237 observanciam
865 1182 978 1236 status
1017 1192 1122 1255 quem

135 1277 295 1343 Christus
310 1275 471 1353 instituit,
488 1277 711 1340 manifestum
732 1286 787 1341 est
804 1278 854 1360 (ut
871 1297 959 1360 sepe
974 1275 1122 1359 repeeii)

135 1384 233 1465 quod
249 1381 442 1446 elemosina
457 1382 551 1444 foret
568 1382 852 1468 expergefacere
872 1382 968 1445 illum
985 1390 1123 1446 statum.

95 1511 124 1543 ιο
136 1488 237 1552 Unde
261 1507 387 1572 magna
414 1486 602 1548 infidelitas
626 1495 682 1548 est
701 1506 771 1569 qua
787 1485 999 1550 Antichristi
1023 1484 1123 1550 disci·

134 1593 208 1676 puli
241 1601 416 1655 excecant
447 1592 582 1674 laycos,
615 1590 712 1673 quod
742 1591 853 1656 instar
884 1590 1124 1674 phariseorum

135 1697 262 1762 Matth.
278 1695 313 1758 V
328 1696 516 1780 predicant
532 1714 613 1760 esse
630 1694 854 1780 sacrilegium
875 1695 1014 1760 auferre
1029 1697 1126 1759 bona

137 1809 341 1865 consecrata
383 1799 546 1876 ecclesie,
580 1807 617 1863 et
648 1799 699 1863 sic
732 1800 1001 1884 sollempnizant
1032 1798 1126 1863 facta

136 1926 205 1989 que
236 1905 330 1987 layci
362 1905 474 1967 cecati
505 1905 613 1967 stulte
647 1915 683 1967 et
716 1908 871 1987 superbe
895 1906 1125 1983 donaverant,

97 2013 200 2075 rised
224 2011 406 2073 decretum
431 2007 561 2073 Christi
584 2028 656 2073 non
680 2018 816 2083 curant;
846 2018 882 2074 et
905 2018 1022 2073 tamen
1046 2009 1126 2072 luce

137 2115 263 2179 clarius
295 2122 397 2196 patet
420 2114 517 2196 quod
541 2115 720 2176 seculares
753 2114 887 2177 debent
920 2113 1125 2197 postposito
1135 2152 1240 2208 temen
1257 2149 1342 2195 noua

138 2217 518 2284 excommunicacionis
550 2218 677 2282 timore
710 2219 746 2282 in
777 2220 846 2282 hoc
881 2228 995 2283 errata
1021 2217 1126 2283 corri-
1159 2203 1321 2300 „ggssnffiffip

137 2345 233 2409 gere,
266 2322 349 2407 quia
380 2332 419 2385 ut
450 2324 559 2387 docet
590 2324 712 2405 glossa
736 2322 912 2387 ordinaria
934 2343 1045 2406 super
1068 2323 1126 2387 de·
1156 2307 1321 2414 wssffiiffiffi

138 2440 237 2493 creto
261 2426 394 2492 XXIV
417 2427 559 2511 questio
581 2426 598 2490 I
622 2448 698 2511 cap.
715 2426 746 2490 I:
772 2427 940 2493 Sacerdos
962 2430 1127 2492 hereticus
1154 2415 1325 2459 ‘¹¹⁶⁰wm‘m*

96 2555 128 2588 20
139 2537 187 2598 vel
197 2534 589 2598 excommunicarusnon
600 2535 868 2597 excommunicat
879 2534 947 2597 nisi
955 2534 1125 2616 seipsum,

139 2648 175 2702 et
189 2636 334 2702 indubie
352 2636 464 2700 omnis
482 2637 790 2701 excommunicans
814 2647 965 2720 propter
986 2636 1126 2700 restitu·

139 2744 277 2808 cionem
310 2742 411 2806 istius
444 2741 681 2825 perfeccionis
715 2752 827 2808 status
856 2751 980 2808 sancte
1008 2740 1127 2805 matris

140 2847 290 2912 ecclesie
308 2856 364 2912 est
379 2856 418 2911 ut
437 2847 488 2912 sic
510 2846 844 2911 excommunicatus.
867 2846 955 2911 Ideo
980 2866 1048 2911 non
1066 2847 1127 2909 ob·

139 2961 256 3015 stante
280 2950 533 3014 malediccione
557 2970 621 3014 sua
641 2953 775 3015 bonum
800 2950 952 3016 ecclesie
973 2959 1029 3014 est
1045 2969 1127 3013 con·

98 3064 128 3114 25
140 3065 273 3121 stanter
291 3064 328 3119 et
344 3055 507 3119 celeriter
524 3057 845 3133 consummandum,
861 3077 943 3140 ymo
959 3057 1011 3137 (ut
1029 3063 1129 3138 patet

139 3161 235 3244 alibi)
247 3161 323 3224 sive
335 3161 662 3226 excommunicatus
678 3160 755 3225 sive
771 3160 895 3225 insons
906 3159 1129 3225 maledixerit

140 3265 282 3343 homini,
316 3287 387 3329 non
420 3275 475 3328 est
507 3265 701 3328 timendum
724 3265 802 3341 sibi,
835 3265 902 3329 nisi
927 3267 971 3330 de
996 3274 1129 3348 quanto

142 3369 373 3433 declinaverit
389 3389 408 3431 a
424 3369 553 3433 Christi
574 3369 730 3433 consiliis
747 3372 805 3432 vel
822 3369 1016 3453 preceptis.
1041 3368 1129 3433 Ideo

141 3480 193 3555 (ut
220 3474 306 3537 dicit
333 3475 467 3557 glossa)
485 3494 556 3537 non
574 3475 739 3539 obstante
760 3473 1132 3539 excommunicacione

52 3592 115 3637 221·
142 3579 203 3644 tali
224 3581 331 3641 homo
356 3579 465 3642 debet
490 3581 613 3644 saltem
638 3579 848 3644 abscondite
869 3579 873 3664 Ι
894 3581 1074 3643 celebrare
1095 3586 1133 3643 et

142 3685 261 3746 facere
297 3703 521 3766 quecumque
553 3686 649 3747 bona
687 3685 731 3747 de
769 3703 904 3768 genere
941 3684 1131 3750 inturbata.

144 3787 250 3869 Quod
284 3787 314 3850 si
344 3807 427 3870 pars
452 3787 662 3851 Antichristi
693 3789 739 3852 ad
770 3797 905 3851 tantum
937 3788 1132 3872 prevaleat,

144 3891 241 3974 quod
279 3891 325 3955 sit
357 3889 554 3956 Christiano
592 3891 738 3975 plurior,
777 3891 986 3957 christianus
1024 3893 1134 3956 debet

143 3995 287 4079 publice
310 3997 513 4073 reclamare,
537 3995 618 4078 quia
641 3996 720 4061 talis
744 3995 838 4060 foret
855 3996 1011 4081 gloriosa
1028 4015 1134 4060 causa

199 4204 231 4251 15.
248 4204 338 4248 Codd.:
353 4216 400 4249 non
415 4209 498 4249 curant
509 4210 658 4261 perspecere.
716 4219 739 4259 4.
754 4205 826 4249 litura
841 4204 856 4249 i.
871 4217 891 4249 e.
906 4203 1005 4249 macula.

201 4346 240 4399 19.
258 4329 297 4382 Cl.
318 4331 440 4382 Glossrm
459 4331 516 4381 ord.
535 4330 588 4394 (ed.
601 4331 695 4382 Vener.
719 4327 796 4397 1595)
815 4328 833 4396 1,
852 4344 878 4395 p.
902 4328 976 4397 ¹²93·
