3008 5026
202 347 332 430 cunm]
497 366 540 415 oe*
562 364 772 416 Po'sEsTxTF,
795 366 892 418 PAPF..

200 532 354 603 prosunt
376 520 529 585 ecclesie
552 531 591 586 ut
614 524 719 602 aliud,
743 522 828 588 licet
851 523 1049 606 dispariter.
1087 523 1190 589 Deus

202 624 293 689 enim
316 626 427 691 utitur
448 627 608 711 qualibet
631 637 791 693 creatura
812 636 852 693 ut
875 649 1010 714 organo
1042 630 1089 693 ad
1111 651 1190 713 pro·

200 731 332 796 fectum
357 732 519 813 ecclesie,
544 733 654 825 eciam
679 736 723 798 ad
744 734 1003 820 proficiendum
1026 735 1190 800 omnibus

202 847 238 900 et
272 838 420 920 singulis
457 839 624 903 membris
657 840 820 919 ecclesie,
857 841 893 904 in
925 861 1150 924 quocumque
1185 840 1188 926 l

104 955 173 1023 237b
200 942 367 1024 profectu
404 943 578 1027 signabili,
617 944 709 1009 sicut
746 945 935 1010 multitudo
974 945 1191 1010 trahencium

201 1048 306 1111 trahit
328 1069 464 1114 navem.

244 1153 333 1217 Tres
372 1164 487 1218 autem
525 1158 656 1237 gradus
694 1166 777 1220 sunt
809 1157 985 1222 notabiles
1016 1159 1190 1222 habentos
1226 1192 1304 1238 Three
1319 1207 1382 1252 ω,

201 1260 328 1323 modos
360 1260 511 1344 disparis
542 1261 705 1325 racionis.
738 1260 900 1326 Christus
924 1262 1017 1326 enim
1040 1264 1191 1347 prodest
1226 1246 1381 1343 ssfcpffissssffii,

196 1363 389 1448 socialiter,
442 1366 676 1448 predestinati
720 1367 854 1431 directe
903 1369 1110 1450 porciolitcr
1156 1377 1191 1431 et

160 1481 350 1551 ropeccata
377 1469 549 1534 indirecte
581 1473 847 1538 occasionaliter.
885 1472 933 1536 Et
962 1481 1064 1556 patet
1095 1473 1192 1556 quod

201 1575 299 1639 multi
321 1576 470 1641 heretici
492 1587 646 1660 prosunt
666 1578 812 1642 multum
838 1577 990 1641 ecclesie
1015 1587 1052 1642 et
1074 1588 1192 1643 tamen

201 1689 352 1763 propter
383 1701 446 1745 sua
478 1701 589 1764 opera
612 1691 695 1746 sunt
719 1681 892 1764 culpandi,
920 1691 959 1746 ut
981 1702 1191 1766 proponens

201 1784 237 1847 in
260 1805 347 1849 casu
368 1784 566 1849 intoxicare
589 1786 767 1849 hominem
789 1786 898 1851 infert
922 1787 990 1851 sibi
1013 1808 1080 1871 per
1102 1786 1190 1853 acci·

201 1892 289 1955 dens
322 1891 516 1955 sanitatem.
559 1891 647 1955 Ideo
681 1894 789 1957 docet
819 1892 996 1979 Magister
1026 1894 1122 1976 quod
1154 1892 1191 1956 in

162 1996 326 2061 15merito
352 2006 407 2061 est
439 1996 646 2080 simplicitas
679 1997 771 2060 oculi
799 1997 1042 2080 principaliter
1079 2005 1191 2061 atten-

202 2101 327 2166 denda.
373 2100 419 2164 Et
451 2109 528 2165 tota
559 2104 633 2165 laus
668 2109 725 2165 est
761 2101 1037 2166 architectonice
1077 2100 1191 2165 autori

201 2207 356 2270 omnium
389 2207 621 2272 attribuenda.
659 2206 744 2291 Ipse
777 2207 869 2270 enim
893 2206 1085 2271 necessitat
1107 2226 1190 2292 pec·

203 2321 317 2374 catum
341 2312 386 2374 ad
409 2312 664 2394 proficiendum
688 2311 850 2375 ecclesie.

244 2416 403 2480 Ulterius
419 2417 548 2481 dicitur
563 2418 661 2499 quod
677 2437 749 2479 non
766 2424 822 2479 est
845 2419 954 2495 color,
978 2416 1008 2480 si
1031 2417 1189 2481 nescitur
1207 2442 1264 2540 Ιίνὴ
1279 2456 1333 2541 ,Ὗ
1347 2453 1403 2543 ⁰03„

1222 2509 1276 2540 now
1288 2509 1309 2538 W
1328 2509 1342 2540 0
1356 2511 1386 2542 wt

158 2521 1188 2606 2oquibusprodessetdotacionisvelpeccatidestruccio,
1247 2551 1360 2606 pfofltsy

202 2627 311 2709 igitur
333 2649 405 2692 non
429 2629 539 2691 debet
561 2628 708 2708 intendi,
733 2649 812 2692 cum
835 2628 967 2693 sufficit
982 2648 1049 2711 pro
1067 2636 1191 2691 natura
1209 2601 1405 2710 illidii*

200 2731 355 2797 intencio
380 2734 524 2798 honoris
540 2734 618 2799 Dei.
642 2734 689 2798 Et
710 2736 868 2818 prudens
891 2732 1077 2816 reputacio
1102 2732 1190 2796 utili·
1207 2707 1399 2804 ¹¹¹³in¹¹c¹idi⁰⁰

202 2836 284 2902 tatis
308 2839 437 2903 Christi
461 2840 558 2922 quod
590 2840 636 2902 de
664 2839 758 2903 facili
781 2839 1005 2922 contingeret
1029 2839 1074 2901 de
1098 2839 1190 2901 abla·
1253 2813 1353 2858 ''⁰⁰⁰⁰‘'

203 2942 304 3007 cione
327 2944 585 3027 temporalium,
617 2965 689 3007 non
711 2943 914 3008 intencione
938 2941 1109 3026 puniendi
1132 2943 1191 3005 vel

159 3059 190 3110 25
203 3048 441 3112 deteriorandi
457 3048 643 3112 ecclesiam
659 3051 718 3111 vel
735 3049 876 3131 aliquod
893 3047 968 3111 eius
984 3050 1190 3125 membrum,

202 3155 268 3219 sed
283 3153 486 3218 intencione
503 3153 722 3218 exonerandi
738 3155 796 3217 vel
807 3152 1189 3237 prodessendimundo

203 3259 387 3343 oppressis
412 3268 448 3323 et
467 3258 730 3342 perfeccionem
754 3266 878 3339 statuS,
903 3278 1007 3341 quem
1029 3257 1190 3322 Christus

202 3365 352 3429 instituit
383 3364 590 3428 renovandi.
628 3365 710 3427 Hoc
744 3363 836 3427 enim
869 3364 979 3427 debet
1010 3362 1127 3426 facere
1155 3362 1190 3424 in

202 3472 284 3554 lege
295 3469 410 3534 veteri
426 3469 536 3532 eciam
553 3472 772 3533 extrahendo
788 3470 981 3534 iumentum
999 3468 1043 3530 de
1060 3476 1187 3550 pute03

159 3584 192 3634 30
203 3584 240 3638 et
272 3573 512 3656 exemplificat
531 3574 764 3656 Augustinus
797 3583 836 3636 ut
857 3572 1027 3636 recitatur
1049 3570 1083 3633 V
1107 3589 1189 3653 que·

203 3680 271 3744 stio
295 3679 343 3742 V:
372 3678 447 3742 Non
471 3679 595 3761 omnis,
624 3678 803 3760 quomodo
833 3698 879 3740 ex
904 3675 1051 3739 caritate
1065 3675 1188 3756 frenc-

201 3789 287 3850 ticus
306 3785 502 3867 privandus
525 3789 572 3849 est
592 3785 712 3866 gladio
736 3788 766 3846 et
788 3783 971 3863 litargicus
994 3781 1191 3844 excitandus

201 3909 223 3953 α
254 3908 410 3972 sompno,
442 3899 478 3952 et
511 3888 541 3951 si
574 3895 846 3970 expectaremus
878 3884 914 3949 in
946 3884 1024 3949 istis
1056 3885 1189 3948 revela·

254 4125 275 4168 7.
292 4112 366 4157 Codd.
391 4113 413 4156 in
436 4125 522 4168 marp:
542 4111 656 4157 Prodesse
675 4116 723 4155 tres
740 4115 796 4154 sont
812 4110 911 4166 gradus.
984 4125 1006 4162 ι).
1023 4106 1111 4150 codd:
1133 4118 1188 4162 pre·

202 4185 330 4228 deso'nao's.

255 4312 295 4364 31.
315 4313 379 4378 Cap.
399 4311 428 4362 ll.

253 4422 284 4459 De
296 4421 408 4460 Potestate
420 4421 485 4463 Papo.
