3008 5026
107 386 168 444 ²90
650 382 819 432 Jounnnrs
839 380 977 431 wreus
1173 361 1256 449 [cnr.
1272 376 1315 421 xr.

131 552 280 650 ,affigo
321 546 497 620 tamquam
527 538 621 620 layci
654 539 819 624 legentes
851 538 970 602 literas
998 557 1144 620 quarum
1167 556 1315 600 sensum

153 659 267 703 menna
321 643 508 722 nescimus,
541 642 642 705 nimis
666 643 910 726 appreciamur
933 641 1141 705 cerimonias
1169 651 1207 705 et
1231 662 1314 705 sen·

110 711 156 756 ana
171 718 305 756 vennere.
322 747 436 811 sibilia
466 747 667 810 humanitus
699 747 863 811 instituta
896 757 934 811 ut
957 749 1038 830 plus
1070 748 1314 831 ponderamus

323 853 420 934 quod
444 852 521 914 alba
553 853 749 915 sacerdotis
776 852 906 935 anglici
928 854 1060 917 habeat
1091 851 1127 914 in
1161 851 1316 914 sinistris

322 956 477 1020 humeris
520 956 741 1021 biffurcatam
784 958 1002 1036 varietatem,
1048 953 1340 1039 superinfictam5

323 1061 516 1125 secundum
548 1062 695 1124 formam
716 1062 919 1126 humanitus
943 1061 1175 1142 adinventam,
1207 1079 1316 1141 quam

323 1166 569 1248 appreciamur
605 1166 756 1249 primum
793 1167 994 1230 mandatum
1033 1163 1205 1247 decalogi.
1248 1162 1317 1226 Illa

324 1269 415 1333 enim
452 1270 571 1352 signat
602 1270 813 1334 divisionem
847 1272 1039 1354 Anglorum
1072 1290 1093 1332 a
1124 1269 1195 1331 fide
1226 1276 1316 1351 post

322 1374 489 1438 Britones
527 1395 641 1458 usque
674 1377 717 1438 ad
750 1385 892 1459 tempus
925 1375 1103 1458 Gregorii,
1142 1392 1212 1456 quo
1245 1392 1316 1454 per

324 1479 400 1542 eius
418 1479 613 1561 discipulos
630 1489 713 1544 sunt
729 1480 904 1546 conversi.
928 1480 975 1544 Et
990 1498 1116 1542 revera
1129 1478 1198 1541 iste
1222 1476 1315 1539 ritus
1331 1504 1362 1537 ιο

323 1584 433 1647 debet
456 1583 671 1667 generaliter
692 1584 728 1647 in
752 1584 916 1648 omnibus
940 1582 1139 1648 christianis
1163 1581 1254 1645 trahi
1276 1581 1316 1644 in

323 1709 556 1769 communem;
574 1689 641 1751 alie
652 1688 820 1752 naciones
830 1709 944 1772 usque
955 1689 1000 1752 ad
1011 1689 1213 1752 Romanum
1224 1705 1316 1769 pon·

321 1795 452 1858 tificem
472 1795 606 1857 debent
626 1792 735 1856 instar
756 1794 881 1857 ribaldi
896 1790 1314 1857 vestimentachristiani·

322 1899 403 1963 tatis
426 1920 554 1984 gerere
579 1918 658 1960 cum
682 1899 821 1980 labello,
844 1907 883 1962 ut
907 1898 937 1962 si
959 1899 1028 1962 iste
1043 1917 1140 1981 papa
1162 1899 1315 1961 haberet

320 2013 376 2068 tot
414 2004 660 2067 commissuras
692 2003 728 2066 in
766 2004 938 2086 vestibus,
977 2003 1148 2087 quociens
1187 2001 1315 2084 aliquis
1331 2011 1359 2062 15

321 2128 415 2191 papa
436 2130 457 2171 a
479 2109 550 2171 fide
575 2107 752 2190 ceciderit,
775 2108 855 2190 ipse
879 2110 972 2173 forte
989 2118 1136 2191 gereret
1157 2106 1315 2170 tunicam

321 2213 482 2296 pictaciis
514 2223 696 2278 consutam
722 2223 758 2276 et
791 2234 862 2276 non
885 2214 1039 2278 tunicam
1061 2211 1315 2276 inconsutilem

321 2317 428 2382 Ihesu
451 2319 574 2383 nostri.
608 2319 655 2382 Et
680 2319 730 2382 sic
763 2327 866 2401 patet
888 2318 1023 2382 falsitas
1046 2319 1082 2382 in
1104 2316 1215 2401 signis
1240 2316 1314 2398 epi·

323 2422 526 2504 scopalibus
549 2422 771 2486 introductis.

150 2539 211 2582 Now
225 2542 264 2583 the
365 2526 471 2590 Unde
486 2529 634 2590 baculus
647 2527 767 2610 signat
777 2526 931 2608 pastoris
944 2527 1099 2591 officium
1116 2527 1159 2590 ad
1175 2525 1312 2589 minan·
1326 2548 1359 2582 ιο

114 2591 261 2646 significante
275 2604 289 2633 o

108 2644 196 2742 crispe,¹
199 2592 312 2742 mil·
323 2631 404 2694 dum
438 2642 475 2695 et
514 2633 876 2715 conprehendendum
915 2653 1003 2696 oves
1041 2631 1233 2711 morbidas,
1271 2639 1314 2694 ut

117 2751 137 2793 a
151 2751 255 2802 cainaea
270 2756 294 2793 to
322 2746 498 2810 sanentur,
523 2738 588 2800 sed
612 2746 803 2820 postquam
828 2757 961 2802 corona
983 2737 1102 2802 baculi
1124 2756 1231 2801 versa
1254 2746 1313 2801 est

182 2804 235 2847 ‘vl'
321 2840 356 2903 in
389 2862 510 2905 aurum
542 2840 771 2926 preciosum!
792 2852 829 2905 et
859 2842 1027 2925 frigidum
1057 2842 1247 2906 formasset
1272 2843 1311 2905 in
1346 2848 1408 2899 233‘

320 2945 468 3029 figuram
500 2946 723 3009 artificiosam
757 2946 1024 3010 adinvencionis
1055 2948 1217 3026 humane,
1251 2948 1310 3009 de·

321 3051 486 3133 dignatur
518 3061 642 3134 pastor
675 3071 839 3115 cesareus
871 3051 1130 3133 refrigescente
1164 3051 1357 3115 caritate25

320 3176 438 3220 curam
462 3157 694 3239 apostolicam
710 3156 838 3220 ovibus
856 3155 985 3220 Christi
1002 3157 1220 3240 impendere,
1243 3159 1312 3220 sed

319 3261 354 3324 in
379 3260 576 3324 subtilitate
600 3258 768 3324 secularis
793 3259 902 3323 officii
926 3260 1108 3343 sigillatur.

130 3377 180 3420 rue
196 3377 276 3423 erosa.
363 3365 409 3428 Et
419 3365 470 3428 sic
481 3365 632 3427 sentitur
642 3366 687 3427 de
698 3383 813 3441 cruce,
828 3385 894 3447 per
904 3384 1009 3447 quam
1021 3365 1168 3447 sequela
1179 3363 1311 3428 Christi

319 3471 354 3533 in
387 3469 554 3552 passione
588 3470 712 3533 saltem
742 3469 854 3532 carnis
888 3469 1127 3533 crucifixionis
1155 3478 1311 3548 notatur,

319 3573 514 3658 prepositis
547 3573 697 3637 cesareis
732 3594 872 3637 auream
910 3594 1049 3637 crucem
1086 3573 1311 3655 habentibus,
1324 3581 1357 3632 30

319 3679 464 3758 laucius,
498 3678 740 3761 sumptuosius
773 3687 811 3742 et
833 3679 1028 3742 studiosius
1057 3698 1161 3741 carne
1184 3678 1310 3760 pastis

142 3796 272 3852 mamm.
320 3782 535 3846 Preciositas
573 3804 660 3847 vero
709 3785 804 3847 anuli
847 3784 943 3846 aurei
980 3785 1194 3867 ingemmata
1236 3802 1310 3845 non

321 3888 438 3970 signat
461 3908 546 3950 vere
571 3888 892 3971 desponsacionem
916 3889 1045 3971 prelati
1069 3908 1148 3952 cum
1171 3906 1309 3970 sponso

321 3992 474 4055 ecclesie
498 4000 558 4055 aut
578 3992 708 4058 Christi
724 3993 862 4076 ovibus,
885 3994 950 4056 sed
966 3993 1211 4056 affidacionem
1229 4012 1311 4055 cum

374 4279 405 4313 12.
423 4267 512 4313 Codd.z
531 4281 660 4314 comurmm.
718 4282 755 4314 ao.
775 4273 797 4314 Α
816 4271 840 4314 in
860 4283 947 4327 marg:
968 4271 1076 4316 Baculus.
1133 4270 1170 4316 28.
1186 4271 1263 4315 (lodd.
1284 4274 1310 4316 in

320 4351 406 4393 marg:
423 4338 487 4383 Crux
500 4341 668 4395 episcoporum.
723 4340 761 4385 32.
778 4340 853 4384 Codd.
870 4343 892 4385 in
909 4354 995 4397 marga
1011 4343 1106 4386 Anulus.
