3008 5026
186 377 256 423 cae.
271 363 324 446 vr}
488 380 535 431 ne
552 380 764 432 eornsmm
783 381 882 433 rans.

188 536 266 602 eius
275 555 398 620 parem
414 554 577 618 excesso,
599 544 637 602 et
652 536 829 602 adiectum
846 538 1026 604 eumfacit
1042 539 1175 624 quanti·

188 641 298 707 tative
321 650 436 705 toturn
458 641 578 723 maius,
601 650 749 727 oportet
777 663 858 708 esse
879 653 1016 727 partem
1041 645 1175 729 quanti·

104 757 159 823 193·
187 747 331 812 tativam
354 746 515 811 maiorati
535 744 540 832 Ι
559 767 626 831 per
647 747 774 831 ipsum.

228 852 337 917 Istam
368 852 549 917 materiam
581 851 708 916 diffuse
740 863 952 936 prosecutus
986 875 1062 918 sum
1095 855 1177 920 alibi
1200 870 1381 980 {pslsgitfhgsst

163 969 265 1020 5cum
298 956 373 1021 aliis
405 955 522 1020 dubiis
554 956 715 1027 annexis,
752 957 834 1022 ideo
867 968 1011 1023 transeo
1044 960 1176 1025 dictum
1213 977 1368 1073 qimid*

185 1071 357 1144 repetens
393 1060 566 1145 superius,
608 1062 704 1144 quod
737 1071 851 1127 status
893 1065 1261 1148 exproprietariebeuer
1274 1082 1330 1126 tuan
1345 1060 1393 1126 lm

185 1165 331 1230 vivendi
362 1175 420 1230 est
451 1186 677 1250 quocumque
709 1174 802 1232 statu
841 1167 936 1232 civili
966 1170 1177 1252 perfeccior,
1230 1133 1351 1232 ⁰f>v⁸en⁰e³l¹¹

186 1270 278 1336 sicut
313 1279 427 1335 status
464 1270 680 1354 virginitatis
723 1281 779 1336 est
818 1293 1044 1358 quocumque
1082 1284 1177 1340 statu

187 1376 368 1460 coniugati
390 1375 601 1460 perfeccior,
624 1385 750 1441 natura
771 1378 933 1465 angelica
960 1389 1017 1444 est
1038 1389 1177 1444 natura·

148 1481 267 1546 roliter
289 1488 414 1546 natura
435 1482 585 1545 humana
608 1481 780 1565 superior,
802 1483 877 1547 vita
900 1485 1179 1569 contemplativa

186 1595 242 1650 est
263 1586 337 1650 vita
360 1585 477 1650 activa
498 1585 700 1669 perfeccior
723 1597 759 1651 et
786 1608 897 1652 sexus
924 1588 1098 1654 femineus
1122 1599 1180 1654 est

186 1712 277 1756 sexu
299 1689 495 1754 masculino
519 1690 691 1774 fragilium
715 1700 752 1755 et
775 1701 891 1756 tamen
915 1702 1056 1758 constat
1079 1695 1179 1778 quod

186 1796 286 1860 multi
318 1796 501 1879 coniugati
532 1805 615 1861 sunt
636 1796 755 1861 multis
778 1798 977 1882 virginibus
1000 1799 1177 1871 meliores,

186 1902 284 1967 multi
315 1901 477 1966 homines
515 1901 720 1985 superiores
755 1903 918 1986 dyabolis
949 1904 1069 1987 gracia
1104 1925 1177 1969 non

150 2017 319 2089 enatura,
355 2005 457 2071 multi
487 2006 594 2071 activi
626 2015 710 2071 sunt
739 2007 858 2072 multis
892 2009 1177 2093 contemplativis

188 2112 401 2190 sanccioreS‚
433 2120 469 2176 et
501 2113 610 2177 multe
638 2111 769 2177 femine
792 2113 950 2198 virgines
973 2114 1009 2178 in
1031 2114 1177 2179 iuvenili

188 2226 285 2282 etate
300 2216 420 2281 multis
430 2216 515 2281 viris
532 2216 641 2281 eciam
653 2217 846 2301 decrepitis
862 2220 943 2302 plus
960 2229 1175 2303 constantes,

187 2332 225 2386 ut
262 2342 350 2405 sepe
383 2321 541 2386 meminit
570 2323 795 2406 Augustinus
832 2323 868 2387 in
899 2324 1042 2408 scriptis
1073 2324 1175 2389 istius

186 2427 342 2492 materie.
351 2428 439 2491 Ideo
450 2448 600 2491 necesse
619 2436 674 2492 est
684 2430 863 2492 volentem
880 2429 984 2492 istam
996 2429 1176 2493 materiam

147 2531 383 2616 nointelligere
409 2531 633 2597 considerare
654 2533 919 2616 perfeccionem
949 2555 1052 2618 quam
1068 2536 1177 2599 habet

184 2638 288 2702 homo
320 2636 357 2701 in
388 2646 557 2721 quantum
591 2638 874 2722 exproprietarie
898 2638 997 2722 vivit,
1030 2649 1066 2704 et
1097 2661 1174 2723 per·

185 2741 380 2805 feccionem
414 2763 517 2826 quam
547 2744 656 2808 habet
688 2744 722 2806 in
755 2753 924 2827 quantum
957 2744 1071 2808 civilis
1094 2765 1174 2828 pro·

184 2846 383 2930 prietarius,
419 2857 455 2911 et
491 2846 626 2911 illarum
657 2848 921 2931 perfeccionum
957 2869 1045 2932 quas
1081 2869 1174 2913 voco

183 2951 431 3035 perfecciones
465 2952 674 3036 simpliciter
705 2974 812 3036 supra
844 2953 1093 3037 perfecciones
1124 2953 1174 3017 in·

144 3056 355 3136 25dividuas,
388 3056 534 3140 primam
558 3057 717 3123 inveniet
747 3061 828 3143 plus
865 3059 1070 3142 perfectam.
1110 3057 1175 3121 Ille

183 3169 298 3226 autem
321 3160 570 3244 perfecciones
594 3182 692 3226 more
717 3163 967 3227 universalium
995 3183 1067 3226 non
1091 3180 1173 3245 pos·

183 3274 265 3329 sunt
287 3266 507 3349 augmentari
528 3267 587 3330 vel
610 3266 728 3351 minui,
752 3269 817 3331 sed
840 3267 1090 3351 perfecciones
1113 3266 1174 3329 vel

183 3378 296 3433 status
323 3369 494 3435 individui
527 3372 721 3435 secundum
753 3373 851 3456 quod
882 3372 949 3436 illis
981 3373 1047 3436 alia
1082 3391 1172 3435 com·

183 3475 287 3538 moda
310 3483 392 3538 sunt
415 3473 561 3554 adiecta,
585 3477 705 3553 etsie,
728 3487 768 3541 ut
783 3497 872 3560 sepe
892 3477 1038 3560 repecii,
1061 3484 1173 3541 status

143 3593 173 3642 30
184 3579 467 3665 exproprietarie
483 3580 629 3645 vivendi
649 3593 800 3666 propter
817 3583 1072 3648 excellenciam
1094 3600 1173 3664 per·

183 3685 365 3757 feccionis,
390 3686 557 3769 congruit
580 3688 676 3751 clero
701 3687 840 3754 Christi.

226 3791 274 3855 Et
308 3790 411 3855 istam
448 3791 667 3855 sentenciam
705 3795 884 3876 approbat
921 3802 995 3857 tota
1017 3790 1173 3855 Trinitas

184 3916 264 3960 cum
295 3903 374 3961 tota
405 3896 558 3961 ecclesia
589 3896 837 3980 triumphante,
870 3906 946 3961 tota
968 3905 1092 3960 natura
1112 3899 1172 3960 be·

235 4217 257 4258 4
273 4203 314 4249 ΑΒ
325 4204 348 4248 in
359 4216 445 4260 marga
460 4204 541 4249 Statue
555 4205 641 4250 diversi
653 4205 778 4250 secundum
791 4206 890 4264 gradus.
947 4219 980 4251 ra.
997 4206 1026 4250 B:
1041 4210 1171 4252 etcertum.

185 4275 222 4321 26.
239 4275 256 4318 B
270 4274 293 4318 in
308 4286 392 4330 marga
409 4272 571 4332 Perseccioner
584 4275 608 4319 in
623 4275 753 4319 universali
764 4288 810 4320 non
824 4281 944 4332 augentur
952 4275 995 4319 red
1007 4276 1031 4319 in
1044 4275 1171 4333 singulari.

185 4343 222 4390 32.
239 4343 279 4388 ΑΒ
294 4343 317 4387 in
333 4356 419 4399 marga
434 4344 515 4388 Statua
528 4346 732 4401 expropriemrrus
745 4346 891 4401 approbatur
905 4358 920 4389 a
934 4349 986 4390 tota
1003 4344 1126 4391 illudente.

236 4439 470 4483 mun-uuam
1051 4431 1069 4487 9
