3008 5026
185 2251 273 2315 Except
286 2251 324 2294 lor

170 2304 333 2452 sedilib

192 2409 277 2452 sboud
294 2407 321 2451 be

176 2461 297 2505 moderate
310 2461 333 2504 in

180 2525 224 2557 our
236 2525 334 2609 ffiym

691 395 862 450 Jounuuls
880 396 1021 448 wucuu
1226 375 1311 462 [cae.
1327 385 1357 436 x,

367 552 448 617 Yob
466 552 578 635 primo
599 553 731 637 legitur
753 557 935 638 quomodo
952 554 1052 617 Deus
1076 552 1175 616 dedit
1197 552 1356 634 dyabolo

365 665 583 741 potestatem
612 660 656 722 ad
683 662 928 743 temptandum
955 661 1102 723 beatum
1125 656 1208 720 Yob
1236 656 1273 719 in
1301 655 1358 719 sui

368 761 614 827 confusionem
648 772 685 826 et
717 765 830 828 sancti
862 764 1128 847 probacionem‚
1161 761 1212 825 sic
1245 759 1357 824 eciam

367 867 538 930 demones
562 867 721 931 exauditi
737 878 820 932 sunt
834 870 993 951 petendo
1010 888 1049 931 se
1066 865 1157 930 mitti
1172 866 1208 928 in
1223 884 1357 948 porcos

365 971 453 1037 Mar.
469 972 513 1051 V,
538 981 574 1035 et
597 971 648 1035 sic
663 972 849 1036 Israhelite
874 971 1032 1036 exauditi
1055 980 1138 1034 sunt
1161 971 1382 1033 seeundum&

367 1094 467 1138 suum
500 1076 725 1153 desiderium,
758 1077 885 1141 scilicit
918 1075 1164 1141 confusionem
1195 1075 1231 1137 in
1264 1072 1358 1138 escis

368 1181 577 1257 carnalibus,
595 1190 635 1246 ut
654 1190 758 1265 patet
777 1182 940 1245 Psalmus
950 1179 1142 1261 LXXVII,
1158 1199 1214 1258 30:
1236 1179 1359 1244 Adhuc

367 1303 438 1349 esce
461 1304 580 1348 eorum
605 1292 704 1349 erant
727 1288 762 1350 in
782 1305 841 1349 ore
864 1286 1019 1367 ipsorum
1037 1290 1067 1349 et
1083 1289 1141 1349 ira
1155 1284 1221 1347 Dei
1236 1302 1356 1347 ascen-

367 1391 419 1453 dit
449 1409 554 1472 super
586 1409 649 1455 eos.
690 1390 764 1454 Sed
786 1392 986 1473 Apostolus
1020 1391 1208 1453 exauditus
1241 1397 1297 1451 est
1321 1388 1358 1451 in

368 1493 545 1558 contrario
570 1493 671 1571 illius,
696 1495 794 1576 quod
816 1493 933 1576 peciit.
959 1493 1047 1556 Nam
1072 1493 1115 1558 11.
1133 1492 1212 1557 Cor.
1231 1490 1317 1569 XII,
1339 1497 1403 1556 8¹0

368 1596 419 1661 ita
435 1598 533 1661 dicit:
561 1598 623 1661 Ter
639 1598 828 1662 Dominum
849 1600 977 1680 rogavi,
1002 1603 1039 1662 ut
1054 1599 1240 1662 discederet
1257 1618 1280 1662 a
1303 1617 1360 1661 mc

368 1705 512 1783 angelus
534 1705 685 1785 sathane,
710 1708 739 1766 et
762 1703 847 1766 dixit
869 1704 971 1766 milri:
994 1701 1132 1783 Sufficit
1153 1705 1214 1766 tibi
1231 1706 1359 1784 gracia

368 1823 456 1880 mea,
489 1825 571 1868 nam
605 1808 715 1868 virtus
746 1807 782 1869 in
815 1806 1017 1885 infirmitate
1039 1807 1228 1887 perficitur.
1266 1805 1360 1872 Sunt

369 1908 461 1971 enim
500 1910 659 1972 nonnulli
708 1909 768 1992 qui
814 1929 859 1972 ex
904 1910 1066 1973 carencia
1107 1911 1359 1993 temptacionis

369 2013 590 2095 superbiunt,
624 2023 662 2076 et
684 2023 767 2077 sunt
789 2013 948 2077 nonnulli
982 2012 1041 2095 qui
1075 2034 1120 2077 ex
1149 2014 1359 2079 fortitudine
1374 2017 1402 2067 ¹3

369 2117 619 2200 temptacionis
657 2117 821 2180 senciunt
854 2118 898 2180 de
931 2137 971 2180 se
1003 2117 1093 2201 ipsis
1124 2119 1288 2183 humilius
1322 2129 1361 2184 et

370 2221 561 2305 gloriosius
573 2232 803 2301 coronantur;
822 2233 858 2286 et
873 2222 956 2285 ideo
967 2231 1090 2304 preter
1101 2222 1361 2288 beatitudinem

370 2335 408 2389 et
429 2325 495 2389 alia
517 2346 585 2409 per
608 2346 647 2390 se
669 2328 766 2389 bona
789 2328 962 2390 debemus
987 2326 1280 2391 condicionaliter
1298 2348 1361 2411 pe·

371 2438 448 2493 tere
476 2432 669 2507 moderate,
698 2440 737 2495 ut
764 2433 924 2515 petendo
948 2432 1160 2513 temporalia
1185 2433 1361 2496 debemus

371 2535 512 2598 modum
547 2536 748 2614 attendere;
784 2544 821 2598 et
844 2535 1136 2599 condicionaliter
1160 2546 1296 2619 petere,
1329 2537 1361 2600 si
1373 2556 1406 2590 20

372 2646 408 2702 et
431 2648 606 2720 quatenus
630 2640 734 2703 nobis
759 2650 920 2722 prosunt.
960 2640 1005 2704 Et
1029 2642 1096 2704 hec
1119 2641 1226 2718 raci0‚
1250 2662 1361 2725 quare

371 2743 524 2824 petimus
557 2746 623 2806 sub
656 2744 769 2807 forma
799 2743 900 2826 panis
934 2744 1117 2808 cottidiani
1154 2747 1363 2829 temporalia

370 2847 570 2910 necessaria
584 2848 693 2911 hodie
716 2848 821 2912 nobis
845 2847 931 2925 dari,
955 2870 1024 2931 que
1040 2850 1240 2933 Apostolus
1257 2862 1362 2914 vocat

371 2953 569 3034 presencia.
603 2952 649 3016 Et
672 2962 822 3030 constat,
847 2954 943 3036 quod
967 2953 1070 3017 nimis
1092 2954 1184 3017 levis
1208 2964 1265 3017 est
1288 2955 1362 3019 evi-

372 3057 507 3133 dencia‚
526 3057 628 3119 Deus
646 3056 810 3120 concedit
834 3058 943 3120 eciam
961 3058 1093 3121 sanctis
1116 3059 1255 3141 copiam
1275 3069 1362 3123 tem·
1376 3065 1407 3116 ²5

371 3162 543 3245 poralium
561 3170 597 3224 et
612 3162 759 3245 gloriam
775 3164 996 3238 mundanam,
1017 3163 1126 3245 igitur
1143 3165 1194 3228 eis
1211 3164 1365 3246 expedit

371 3267 431 3329 vel
454 3274 509 3328 est
531 3265 664 3329 licitum
688 3265 739 3328 sie
765 3266 908 3343 habere,
937 3267 1097 3348 quamvis
1127 3267 1197 3330 sint
1221 3267 1362 3331 aliunde

373 3371 467 3453 apud
489 3370 606 3432 Deum
634 3369 840 3446 laudabiles
864 3379 1108 3433 verumtamen
1135 3391 1207 3435 non
1232 3370 1268 3434 in
1291 3372 1363 3435 illo.

371 3473 476 3536 Unde
502 3473 643 3536 videtur
667 3475 763 3557 quod
791 3474 905 3537 nostri
929 3474 1093 3558 episcopi
1116 3484 1199 3539 sunt
1219 3475 1363 3539 Christo

371 3577 584 3660 ingratiores
609 3598 712 3659 quam
729 3576 892 3642 Scarioth
916 3587 953 3641 et
975 3579 1067 3661 legis
1087 3580 1220 3644 veteris
1245 3600 1364 3643 sacer·
1378 3589 1410 3638 30

373 3682 493 3759 dotes;
532 3682 602 3764 ipsi
635 3682 726 3745 enim
758 3691 950 3745 tenuerunt
983 3703 1021 3745 se
1055 3683 1363 3766 superficietenus,

374 3787 492 3868 quoad
524 3787 776 3868 possessiones
809 3786 844 3849 in
876 3787 1044 3850 limitibus
1068 3789 1160 3871 legis
1184 3789 1264 3864 Dei,
1298 3791 1364 3852 sed

426 4053 447 4099 7.
465 4042 552 4088 Codd.:
573 4043 655 4087 Psalm.
674 4042 773 4087 LXXIX.
830 4044 862 4088 13.
883 4043 971 4089 (20de
991 4046 1015 4089 in
1029 4045 1155 4100 firmitate.
1211 4044 1250 4090 32.
1271 4046 1300 4089 B:
1319 4045 1368 4090 Dei

375 4115 447 4158 deest.

428 4237 502 4303 5—7.
526 4238 617 4292 Matth.
634 4239 701 4304 Vlll,
728 4240 772 4301 3²3
800 4240 878 4292 Num.
903 4240 947 4303 xl,
970 4242 1015 4303 33;
1046 4240 1144 4290 Psalm.
1173 4239 1297 4302 Lxxvll
1323 4243 1366 4294 30.

375 4326 475 4376 Eadem
494 4327 613 4391 exempla
634 4328 658 4375 in
679 4328 762 4376 Serm.
780 4328 816 4378 St.
837 4329 976 4393 Augustini
996 4327 1012 4378 l.
1033 4343 1054 4379 c.
