3008 5026
158 401 228 448 car.
240 387 293 480 vt]
461 411 506 461 ne
526 410 737 463 rorssmre
758 413 855 464 rara.

159 563 215 628 ius
231 564 301 628 Dei
323 586 427 649 quam
450 567 504 631 ius
530 568 672 635 cesaris.
694 569 772 633 Nec
788 570 972 655 dependet
989 582 1152 654 potestas

158 669 340 753 regiminis
373 692 394 735 a
426 673 508 736 loco
541 675 601 738 vel
633 675 781 760 populo,
814 676 896 759 quia
923 677 1154 764 distinguitur

159 777 204 838 ab
237 783 318 839 actu
340 779 542 860 potestatis,
575 782 656 843 data
687 779 890 845 indistincte
918 783 1041 847 aDeo
1069 795 1152 850 ante

158 880 277 944 locum
299 881 358 944 vel
373 883 557 965 populum,
580 883 663 946 ideo
681 903 758 947 cum
780 905 851 948 non
867 884 1023 951 variatur
1038 908 1151 954 corre·

134 986 384 1067 'rspondenter
399 988 444 1050 ad
459 989 529 1051 tale
544 988 733 1070 obiectum,
748 989 972 1054 manifestum
989 1001 1044 1056 est
1054 997 1152 1078 quod

158 1089 315 1173 quiescit
351 1100 433 1155 ante
471 1094 542 1156 tale
579 1091 816 1157 iurisdicionis
855 1095 1046 1164 obiectum.
1089 1099 1151 1165 Sic

158 1194 251 1258 enim
272 1197 474 1261 habuerunt
489 1198 643 1280 apostoli
658 1197 887 1281 quiescentes
901 1201 938 1264 in
952 1201 1150 1281 Jerusalem

157 1301 275 1364 datam
299 1320 318 1363 a
341 1301 477 1384 Spiritu
499 1301 632 1366 Sancto
655 1312 874 1386 potestatem
896 1305 1087 1390 regiminis,
1112 1319 1150 1374 et

156 1414 275 1469 tamen
298 1407 456 1469 nondum
478 1406 544 1470 fuit
566 1407 610 1471 ad
635 1427 759 1472 eorum
774 1408 943 1472 noticiam
960 1411 1148 1479 distinctus

116 1511 309 1594 ropopulus
331 1510 509 1575 limitatus.

198 1616 259 1679 Ad
273 1615 424 1698 primum
439 1616 582 1681 videtur
604 1618 718 1695 michi,
741 1626 782 1681 ut
803 1638 891 1701 sepe
915 1621 1027 1704 tetigi,
1051 1625 1150 1705 quod
1211 1637 1312 1735 ¹“⁹¹i³

156 1719 267 1785 omnis
285 1721 436 1784 clericus
453 1723 564 1786 debet
578 1744 668 1806 pure
680 1722 781 1787 inniti
802 1725 1003 1789 auctoritati
1019 1727 1148 1808 divine,
1176 1689 1352 1806 'inflia‘rfeill

155 1825 364 1888 dimittendo
398 1827 646 1891 auctoritatem
678 1827 849 1909 gentilem
877 1830 1101 1898 adinventam
1130 1856 1151 1898 a
1164 1795 1357 1945 ‘’niuiliiiiim

154 1930 301 2010 regibus
333 1929 509 2012 gencium,
543 1932 603 2014 qui
629 1931 820 1996 infideliter
847 1900 1359 2015 blasfemaveranthagugongtitgns

115 2035 253 2118 15quod
289 2045 372 2098 sunt
394 2034 503 2115 Deus,
541 2046 581 2099 ut
617 2045 719 2118 patet
750 2039 795 2101 de
832 2037 1148 2122 Nabugodonosor
1182 2006 1338 2061 mmm

155 2140 314 2203 Danielis
341 2139 407 2219 IV;
448 2148 485 2203 et
523 2141 605 2204 hinc
648 2152 878 2224 sumpserunt
912 2144 981 2208 sibi
1017 2167 1147 2212 nomen

155 2245 374 2310 auctoritatis
407 2252 445 2308 et
469 2245 631 2328 capitalis
655 2247 809 2328 dominii,
838 2248 1002 2317 Christus
1030 2263 1145 2318 autem

68 2363 126 2432 189‘
155 2352 262 2414 docet
277 2370 363 2414 suos
379 2353 561 2434 apostolos
581 2351 815 2435 gentilitatem
834 2353 937 2417 istam
949 2353 953 2439 Ι
966 2356 1145 2442 aufugere,

154 2465 193 2520 ut
216 2465 318 2539 patet
339 2455 435 2520 Luce
460 2456 577 2520 XXII
600 2465 636 2520 et
658 2456 785 2522 Matth.
808 2456 896 2521 XX,
933 2459 1040 2525 Unde
1064 2464 1146 2547 quia

112 2589 144 2626 20
154 2561 286 2645 aliquid
308 2561 458 2626 licencie
486 2562 656 2626 remansit
677 2563 713 2626 in
735 2562 804 2626 ista
825 2564 1034 2648 gentilitate,
1061 2567 1144 2632 ideo

153 2665 323 2730 remansit
344 2686 423 2730 cum
447 2667 616 2731 civilitate
638 2669 787 2732 verbum
819 2669 1047 2749 auctoritatis,
1079 2694 1145 2756 per

154 2773 252 2855 quod
300 2791 371 2856 ego
415 2772 577 2857 intelligo
623 2771 910 2856 superioritatem
953 2777 1144 2859 potestatis

154 2877 275 2942 civilis,
300 2874 374 2941 Sed
395 2887 588 2961 postquam
616 2881 737 2943 dotata
764 2888 820 2943 est
842 2879 1006 2962 ecclesia,
1033 2881 1144 2946 intro·

153 2982 259 3045 ducta
295 2990 377 3044 sunt
413 2982 615 3067 irreligiose
656 3005 787 3048 nomen
832 2983 1069 3049 iurisdicionis
1107 2995 1144 3050 et

111 3098 142 3149 25
153 3086 370 3150 auctoritatis
385 3107 464 3150 cum
477 3089 658 3162 similibus,
683 3110 753 3172 que
771 3089 975 3153 civilitatem
991 3089 1144 3171 sapiunt.

150 3189 199 3254 Et
213 3189 265 3254 sic
282 3192 491 3256 conceditur
503 3194 598 3276 quod
613 3213 704 3257 unus
720 3195 916 3277 episcopus
932 3202 990 3257 est
1003 3194 1143 3278 reliquo

150 3295 292 3361 maioris
315 3298 506 3378 potestatis
539 3319 643 3381 quam
667 3299 808 3381 quidam
840 3307 973 3362 vocant
995 3298 1143 3361 auctori·

151 3408 268 3466 tatem.
292 3400 503 3465 Referendo
536 3412 653 3467 autem
685 3405 929 3468 auctoritatem
958 3405 1003 3467 ad
1024 3404 1143 3467 Deum
1170 3438 1210 3481 A„
1225 3439 1344 3495 whom,

151 3513 189 3568 et
219 3506 385 3588 negando
426 3508 670 3572 auctoritatem
716 3512 781 3572 sed
813 3508 1142 3593 promulgacionem
1176 3490 1335 3595 ἕζὲζῃέῗᾶβ.

109 3623 140 3673 30
150 3610 269 3674 inesse
293 3610 486 3676 formaliter
510 3622 671 3677 creature
695 3616 859 3695 neganda
881 3615 976 3678 foret
997 3614 1034 3678 in
1056 3633 1142 3696 apo·
1179 3595 1334 3703 ⁹⁸¹¹,¹„¹},¹¹³⁸

151 3715 252 3778 stolis
276 3717 496 3781 auctoritatis
513 3719 700 3784 maioritas
726 3719 894 3784 Secundo
911 3740 999 3783 vero
1015 3718 1140 3783 intelli·
1165 3700 1349 3756 ''¹⁰¹¹¹¹¹¹⁸⁸¹¹⁰¹¹·

150 3822 271 3903 gendo
303 3823 550 3887 auctoritatem
582 3824 618 3886 in
650 3834 819 3907 quantum
848 3824 934 3889 dicit
959 3824 1031 3889 Dei
1061 3843 1141 3908 pre·

151 3945 278 3990 eonem
299 3926 435 3992 habere
451 3937 671 4012 potestatem
687 3931 732 3993 ad
747 3932 1048 4013 promulgandum
1064 3929 1140 3994 eius

149 4032 375 4110 sentenciam,
406 4033 457 4098 sic
490 4054 614 4099 omnes
647 4035 801 4120 apostoli
832 4036 891 4099 vel
918 4035 1139 4120 evangeliste

156 4363 158 4366 y
204 4323 234 4354 ιι.
250 4311 266 4353 Β
280 4310 304 4353 in
319 4322 405 4366 marg:
424 4311 528 4355 Saturio.
596 4311 632 4357 23.
653 4312 693 4355 ΑΒ
715 4313 739 4356 in
758 4324 846 4368 marga
865 4311 1001 4356 Auctoritas
1015 4316 1139 4369 potestate

148 4381 185 4424 vel
197 4379 377 4424 iurisdictionis.
433 4380 470 4426 28.
486 4382 504 4424 B
518 4381 541 4426 in
557 4394 643 4438 marg:
659 4381 729 4426 Nota,
783 4380 818 4428 31.
832 4381 863 4428 B:
877 4382 1016 4428 auctoritas.

995 4453 1034 4506 8*
