3008 5026
152 405 220 450 cm.
239 389 303 479 xic]
449 410 492 459 oe
512 410 723 461 eoresrure
743 410 840 460 enee.

149 568 255 630 steria
266 569 444 650 prohibent
455 573 485 632 et
499 569 685 648 aliquando
698 568 896 648 fulminum
910 569 993 631 ictus
1003 573 1138 649 segetes,

150 673 316 735 arborum
329 674 440 750 flores
460 678 490 735 et
507 674 696 754 pampinos
711 678 867 736 exurunt.
891 670 1005 753 Super
1019 673 1138 735 omnia

149 795 228 840 vero
243 779 336 859 regis
351 779 525 841 iniusticia
545 797 612 841 uon
635 779 747 841 solum
767 779 1034 861 prosperitatem
1052 797 1137 859 pre-

149 883 253 945 sentis
282 883 422 963 imperii
441 883 580 963 fuscat,
617 885 677 946 sed
713 885 823 946 eciam
851 883 953 962 filios
989 901 1070 945 suos
1107 887 1137 944 el

125 991 292 1068 snepotes,
324 1006 366 1050 ne
391 993 470 1068 post
500 1006 536 1051 se
556 989 776 1051 hereditatem
799 993 941 1067 teneant,
973 988 1137 1050 obscurat.

149 1089 294 1171 Propter
321 1092 500 1172 piaculum
534 1093 625 1154 euim
663 1093 755 1173 regis
786 1089 983 1154 Salomonis
1015 1092 1139 1153 domus

150 1192 283 1257 Israhel
304 1195 476 1258 Dominus
503 1198 730 1259 demonibus
746 1197 910 1276 filiorum
934 1195 1066 1259 Israhel
1088 1196 1137 1256 di·

149 1299 274 1379 spersit
296 1305 325 1361 et
343 1305 486 1382 propter
508 1302 682 1363 iusticiam
706 1302 799 1381 regis
823 1299 938 1364 David
960 1302 1138 1362 lucernam

149 1403 191 1464 de
212 1404 341 1467 semine
362 1405 436 1467 eius
459 1406 494 1466 in
517 1404 713 1468 Jerusalem
733 1423 869 1486 semper
887 1406 1032 1484 reliquit.
1056 1403 1139 1466 Ecce

82 1512 121 1576 54⁴
148 1512 313 1587 quiantum
345 1510 482 1572 iusticia
515 1511 607 1589 regis
629 1510 738 1572 seculo
771 1510 867 1589 ualet,
892 1511 928 1570 iu
948 1506 1139 1592 liuentibus

145 1612 326 1691 perspicue
336 1616 439 1693 patet.
463 1612 522 1675 Est
545 1614 636 1675 enim
656 1631 729 1694 pou
739 1614 949 1694 populorum
966 1616 1136 1674 tutamen-

149 1720 222 1778 tum
233 1715 359 1797 palrie,
379 1717 585 1780 immunitos
600 1718 719 1799 plebis,
742 1718 993 1780 rurmimeulum
1015 1717 1137 1796 geritis,

148 1837 234 1883 cura
270 1822 491 1902 languorum,
526 1824 699 1903 gaudium
736 1822 924 1900 hominum,
960 1822 1139 1900 temperies

148 1925 252 1999 aeris,
283 1927 449 1988 serenitas
480 1927 603 2004 maris,
631 1931 720 1988 terre
734 1926 944 2007 fecunditas,
970 1926 1138 1988 solacium

107 2036 137 2086 15
144 2040 354 2110 pauperum,
382 2031 551 2093 hereditas
568 2030 731 2109 filiorum
761 2036 791 2093 et
812 2031 946 2093 sibimet
972 2030 1041 2111 ipsi
1062 2048 1139 2110 spes

148 2132 273 2213 sulure
304 2135 528 2196 beatitudiuis.
566 2134 723 2197 Attamen
755 2136 840 2197 scial
875 2154 950 2197 rex:
985 2136 1072 2198 sicut
1103 2136 1139 2195 iu

149 2237 267 2300 throno
294 2238 471 2300 hominnm
496 2239 637 2319 primus
664 2241 862 2302 constitutus
889 2245 946 2310 est,
974 2240 1024 2302 sic
1050 2244 1079 2301 et
1103 2239 1146 2299 iu·

144 2342 255 2423 penis,
270 2343 301 2405 si
315 2343 490 2404 iusticiam
506 2362 573 2405 uou
587 2342 723 2423 fecerit,
742 2345 941 2425 primatum
960 2344 1140 2406 habiturus

150 2450 206 2515 est,
231 2464 347 2509 omues
369 2464 516 2526 numque
538 2465 764 2527 quoscumque
783 2453 978 2528 peccatores
997 2449 1033 2509 iu
1052 2466 1136 2528 pre-

106 2551 234 2613 2osenli
265 2552 326 2614 sub
359 2570 395 2612 se
425 2552 590 2632 hahuerit,
622 2571 732 2633 supra
759 2572 794 2614 se
817 2553 918 2614 modo
943 2552 1080 2633 plagali
1103 2553 1139 2612 iu

145 2674 237 2736 peuu
251 2655 380 2735 futura
403 2658 540 2719 habehit.
572 2656 619 2718 Et
640 2656 708 2719 ista
731 2658 825 2719 bona
849 2656 1035 2719 duodecim
1060 2675 1139 2717 cum

150 2778 244 2840 pena
261 2758 397 2821 decima
421 2759 531 2822 tercia
553 2770 742 2822 moverent
764 2781 885 2844 regem
911 2770 947 2823 et
966 2761 1139 2843 populum

151 2862 358 2925 altrinsecus
383 2884 421 2926 se
445 2863 575 2926 iuvare.

194 2966 239 3028 Et
261 2986 308 3028 ex
329 2966 406 3029 istis
423 2968 537 3048 primo
554 2975 655 3048 patet
680 2970 775 3050 quod
792 2988 857 3030 rex
874 2969 1004 3050 Anglie
1023 2967 1138 3050 primo
1175 3001 1224 3044 n„
1240 3002 1294 3053 „ng
1309 3004 1332 3042 ..ί

106 3079 188 3132 niet
222 3070 465 3152 principaliter
503 3072 605 3133 daret
642 3091 786 3154 operam
825 3072 869 3133 ad
907 3073 1139 3152 regulandum
1150 3053 1356 3156 {ssffiss[.¹,f¹,⁸'¹,?,{¹ssi

151 3176 281 3237 clerum
315 3196 416 3238 suum
445 3183 483 3239 et
505 3176 710 3259 specialiter
739 3177 931 3258 episcopos
955 3189 993 3238 ut
1017 3176 1140 3237 vivant
1176 3157 1335 3263 ,fflss'ffssd

151 3279 295 3342 similius
310 3280 383 3362 legi
394 3279 537 3357 Christi;
555 3290 669 3344 totum
687 3281 779 3342 enim
796 3301 942 3361 regnum
962 3289 1016 3342 est
1032 3299 1138 3341 unum
1206 3261 1291 3314 dmi·

151 3402 293 3465 corpus,
317 3384 414 3465 quod
437 3385 529 3447 tueri
553 3394 659 3466 atque
676 3385 809 3447 mederi
826 3393 967 3467 spectat
983 3385 1026 3445 ad
1042 3383 1138 3463 regis

152 3486 318 3563 officium,
347 3498 386 3551 nt
409 3489 494 3551 dicit
517 3489 585 3550 iste
609 3499 762 3551 sanctus
802 3488 888 3551 Ideo
915 3498 1059 3569 oportet
1087 3507 1139 3547 se·

109 3593 303 3654 coeundum
342 3596 483 3656 beatum
523 3592 790 3676 Crysostomum
831 3592 966 3656 Omelia
1004 3590 1139 3652 XXXI

151 3694 281 3778 Operis
302 3695 509 3778 Imperfecti
531 3698 689 3780 incipere
715 3719 732 3760 a
757 3701 862 3773 clero,
887 3718 963 3759 cum
989 3696 1034 3757 sit
1057 3715 1139 3776 pars

150 3798 355 3882 principalis
381 3809 417 3863 et
440 3804 640 3864 stomachus
665 3802 837 3883 corporis,
861 3821 927 3883 per
948 3819 1051 3882 quem
1069 3797 1139 3861 cibi

152 3902 305 3987 digestio
339 3917 375 3968 et
407 3906 537 3967 sanitas
566 3915 647 3968 sunt
671 3907 714 3967 ad
739 3915 860 3968 cetera
882 3905 1038 3967 membra
1065 3923 1138 3965 cor·

151 4008 250 4089 poris
267 4009 468 4071 derivanda.
494 4008 647 4093 Oportet
671 4010 761 4071 enim
785 4028 907 4091 regem
931 4012 974 4071 ab
998 4008 1066 4070 illis
1089 4006 1138 4068 in-

206 4225 236 4257 ιι.
252 4213 341 4256 (lodda
358 4210 399 4256 Eu
412 4215 472 4256 euim
487 4213 557 4257 deest.
615 4226 647 4258 η,
664 4214 753 4258 coca:
768 4214 970 4256 iurmuuimeutnm.

206 4340 245 4391 30.
265 4338 335 4404 Opp.
354 4349 417 4387 tom.
430 4338 473 4400 VI,
492 4354 552 4406 792·
