3008 5026
118 384 186 431 cm».
201 372 242 454 a]
419 391 462 440 na
482 389 692 442 PoTsssTnTlt
711 391 808 443 enen

120 547 285 612 Siloeslcr.
303 546 370 612 Sal
384 549 600 613 istedeieclas
614 554 662 612 est
677 554 706 611 el
715 553 888 613 restitutas
899 549 1104 626 Benedictus,

118 654 176 732 qai
192 653 316 715 ilerum
333 657 380 714 est
396 653 533 728 eiectus·
555 658 585 715 et
600 653 702 716 datiis
724 657 772 717 est
790 658 942 734 papatus
956 651 1107 717 Jolramu‘

121 757 402 838 archipresbitero
435 763 512 819 anie
534 763 673 838 portam
702 755 874 835 Latinam,
907 759 963 820 cui
992 760 1105 841 irrepo-

119 862 223 923 situm
256 865 303 924 est
338 878 459 923 nomen
495 856 703 941 Gregorius;
739 866 768 924 el
798 862 852 924 liic
882 862 925 924 ab
956 860 1106 925 Hearico

96 965 328 1044 §imperatore
348 969 395 1027 est
415 965 562 1027 deiectas
584 969 614 1027 et
636 967 727 1028 ultra
751 969 881 1028 montes
903 967 1106 1034 translatas:

121 1072 150 1129 et
171 1068 231 1131 lroc
253 1072 359 1130 lotum
383 1086 449 1130 auo
473 1086 563 1131 anno
577 1066 716 1148 sactum
740 1073 795 1131 est.
824 1067 866 1130 Et
885 1074 1027 1150 propter
1048 1069 1109 1132 loc

120 1172 240 1235 datum
255 1171 329 1251 fait
354 1172 416 1235 lroc
440 1173 660 1253 privilegium
685 1171 845 1236 Hearico.
884 1171 963 1235 Hec
986 1174 1109 1256 glossa

122 1275 263 1338 decreti.
288 1273 563 1338 Considerarent
584 1275 704 1358 itaque
729 1275 847 1339 clerici
864 1277 975 1339 nostri
992 1277 1107 1360 impo-

121 1389 247 1443 nentes
275 1379 427 1442 heresim
452 1381 706 1461 detegentibus
728 1382 791 1443 has
819 1382 921 1462 leges
945 1380 1107 1446 ecclesie.

83 1485 300 1566 roquomodo
325 1483 393 1565 ipsi
418 1504 464 1546 ex
487 1485 652 1547 scandalo
676 1493 758 1547 sunt
785 1494 930 1547 econtra
952 1483 1107 1547 heretici.

123 1588 224 1653 Sicut
259 1599 355 1652 secta
387 1587 541 1652 Roberti
564 1588 713 1671 imponit
747 1589 850 1652 nobis
873 1589 969 1670 quod
989 1609 1109 1651 sumus

122 1693 278 1774 heretici,
294 1714 359 1757 nos
376 1703 528 1757 econtra.
553 1692 591 1757 Si
605 1693 696 1756 enim
712 1692 811 1755 iuxta
827 1693 911 1755 illud
927 1694 1108 1756 decretum
1123 1727 1210 1771 mm..
1224 1727 1320 1780 me,-

122 1798 303 1881 Jeronymi
327 1799 385 1861 ille
409 1809 465 1861 est
487 1797 673 1875 hereticus
696 1797 755 1880 qui
779 1798 962 1881 impugnat
985 1796 1108 1868 acrius,
1157 1779 1286 1835 “¹¹¹⁸“sp

124 1903 220 1983 quod
244 1922 349 1966 verus
373 1922 466 1986 papa
488 1901 614 1965 fecerit
636 1901 671 1964 in
694 1921 733 1965 se
757 1902 848 1984 ipso.
877 1912 914 1966 et
936 1902 987 1965 sic
1010 1912 1109 1964 secte

84 2006 189 2068 miste
206 2007 328 2070 dicunt
343 2007 549 2071 altrinsecus
570 2028 609 2069 se
633 2027 714 2071 esse
737 2007 926 2082 hereticos,
949 2008 997 2070 ita
1013 2007 1110 2089 quod

125 2112 167 2171 ab
200 2111 336 2193 origine
368 2112 497 2175 mundi.
530 2120 570 2174 ut
601 2112 719 2188 credo,
752 2131 822 2173 non
856 2111 921 2173 fuit
953 2111 1110 2174 crebrior

124 2213 308 2296 imposicio
336 2215 494 2278 heretice
523 2214 714 2297 pravitatis.
753 2214 854 2278 Sicut
882 2215 974 2278 enim
997 2234 1109 2277 sacer·

125 2318 225 2380 dotes
253 2318 497 2401 imposuerunt
525 2318 665 2382 Christo
696 2319 924 2392 blasfemiam,
957 2339 1026 2401 que
1055 2328 1111 2382 est

125 2421 227 2502 peior
249 2442 332 2504 pars
355 2423 501 2502 heresiS,
526 2423 576 2485 sic
592 2422 705 2505 ignari
722 2422 929 2486 Antichristi
947 2423 1110 2506 discipuli

83 2546 116 2579 20
126 2525 309 2608 imponunt
328 2527 482 2589 heresim
511 2536 684 2608 tamquam
714 2525 859 2589 inimicis
884 2527 1035 2590 ecclesie
1059 2527 1110 2589 eis

127 2631 185 2711 qui
209 2632 288 2713 plus
312 2633 426 2694 zelant
448 2652 515 2714 pro
540 2631 615 2693 eius
637 2630 834 2713 privilegiis
858 2651 928 2713 que
951 2630 1110 2694 Christus

127 2745 353 2798 concesserat
370 2734 636 2813 conservandis,
659 2735 691 2796 in
708 2744 841 2797 tantum
858 2735 953 2815 quod
971 2733 1111 2816 quidam

128 2840 253 2901 doctor
299 2839 443 2922 ignarus
486 2839 568 2922 quia
607 2841 756 2923 adeptus
795 2848 849 2901 est
888 2839 1111 2901 dotacionem

36 2951 98 3008 224‘
127 2942 505 3027 pontificisgdeclamat
526 2943 667 3006 acucius
688 2943 723 3005 in
739 2944 826 3006 locis
847 2943 928 3024 plus
949 2942 1111 3024 publicis,

84 3049 115 3101 25
128 3047 224 3127 quod
246 3046 324 3110 talis
348 3057 402 3110 est
426 3049 604 3111 hereticus
621 3056 657 3111 et
672 3049 785 3111 hostis
801 3047 963 3110 ecclesie.
987 3047 1112 3110 Nullus

129 3151 219 3213 enim
244 3151 346 3234 peior
369 3162 425 3214 est
449 3161 617 3233 apostata,
641 3172 744 3234 quam
769 3151 829 3234 qui
845 3162 929 3234 post
952 3151 1113 3214 altiorem

129 3266 256 3319 statum
281 3256 433 3319 ecclesie
458 3257 500 3318 ad
524 3258 689 3320 mundum
714 3257 855 3321 excidit.

173 3359 382 3425 Consolacio
406 3370 521 3425 autem
538 3382 557 3424 a
574 3361 712 3425 Christo
735 3370 790 3425 est
811 3362 847 3424 in
872 3362 1054 3444 operando
1077 3361 1112 3424 in

130 3484 234 3528 causa
248 3466 316 3529 ista
331 3467 483 3530 fideliter
499 3477 534 3530 et
551 3475 766 3542 constanter,
784 3487 861 3529 cum
876 3467 1000 3530 Matth.
1012 3466 1060 3544 X,
1073 3487 1088 3528 2
1094 3487 1111 3546 5

87 3568 237 3631 sodicat:
284 3569 324 3632 Si
362 3572 661 3653 patremfamilias
698 3571 856 3634 Balaberd
900 3578 1111 3642 uocauerant.

129 3680 252 3753 quanto
277 3677 390 3757 magis
405 3676 605 3741 dorrresacos
621 3676 714 3740 cias?
740 3674 827 3738 Ideo
846 3675 944 3738 ibant
960 3675 1114 3759 apostoli

129 3780 327 3861 gaudentes
361 3784 455 3864 quod
488 3780 587 3864 digni
617 3780 727 3844 habiti
760 3791 843 3845 sunt
873 3801 940 3864 pro
973 3780 1114 3843 nomine

130 3882 240 3961 Jhesu
257 3885 504 3949 contumeliam
519 3885 602 3969 pati.
619 3884 692 3949 Sed
703 3895 739 3948 et
750 3886 953 3948 consolacio
964 3887 1114 3968 quedam

131 3989 304 4052 mundana
320 3989 489 4063 exoritur,
506 3991 604 4072 quod
616 3990 804 4053 adtentum
820 3989 941 4052 insane
957 4009 1113 4073 prorum·

88 4101 220 4174 35punt
243 4102 385 4177 satrape
407 4095 442 4158 in
466 4093 538 4157 suis
562 4094 795 4170 sermonibus,
820 4095 913 4177 quod
929 4094 1115 4177 imponunt

186 4346 201 4376 ι.
219 4333 300 4377 olom
315 4335 454 4380 ordinaria:
468 4334 607 4380 Benedictus
621 4335 647 4380 Χ.
703 4340 724 4383 tl.
739 4349 761 4393 a.
777 4335 865 4382 codd:
880 4336 1021 4394 impotentes.
