3008 5026
685 399 856 450 sonamus
876 398 1015 448 wrcen
1204 377 1289 466 [cnr.
1306 396 1346 439 rr.

352 555 467 619 viator
482 554 679 620 simillimus
696 575 835 638 sequax
852 555 989 620 Christi.
1013 553 1059 617 Et
1075 554 1126 618 sic
1143 555 1347 618 excluditur

352 669 421 723 tam
437 659 563 724 mulier
578 680 682 742 quam
697 662 848 742 angelus
863 681 884 722 a
899 679 994 742 pape
1010 659 1160 725 nomine.
1176 659 1234 722 De
1250 679 1347 741 papa

351 784 439 829 vero
456 767 614 847 Agnete‚
631 766 762 848 deque
779 763 980 828 Cestrensis
996 763 1088 827 libro
1103 764 1148 840 V,
1172 783 1242 845 que
1258 773 1348 845 post

351 888 480 933 vocata
496 879 551 932 est
560 869 743 949 Johannes
751 869 937 950 Anglicus,
949 888 1028 931 cum
1045 867 1174 931 ceteris
1188 868 1345 949 pseudo-

135 972 336 1080 mpmhgessggge,
352 974 466 1056 papie,
482 983 581 1056 patet
599 973 697 1055 quod
715 973 804 1036 false
821 971 1074 1035 vendicaverat
1089 992 1218 1035 nomen
1235 977 1373 1054 pape.5

353 1077 481 1159 Quoad
496 1078 693 1141 secundum
709 1076 889 1139 obiectum
904 1076 949 1138 de
965 1075 1087 1158 laycis,
1103 1084 1205 1158 patet
1219 1074 1344 1158 logico

353 1183 451 1265 quod
474 1183 598 1264 laycus
622 1189 745 1263 potest
768 1201 849 1245 esse
864 1200 967 1263 papa.
990 1181 1037 1243 Et
1052 1179 1196 1242 videtur
1211 1179 1257 1241 de
1273 1178 1347 1241 Dei

353 1286 520 1368 potencia
563 1286 727 1348 absoluta
757 1283 930 1366 possibile
968 1284 1066 1366 quod
1104 1283 1218 1347 omnis
1249 1301 1345 1345 nunc

352 1390 452 1452 vians
484 1388 579 1452 foret
610 1390 805 1451 membrum
838 1388 983 1470 dyaboli
1020 1390 1078 1450 vel
1116 1387 1214 1470 quod
1251 1386 1346 1449 desit

352 1494 468 1556 clerus
493 1492 656 1566 ecclesie,
677 1492 681 1575 l
702 1492 799 1574 quod
823 1500 920 1555 esset
942 1491 1053 1575 magis
1072 1491 1239 1554 mirabile.
1262 1490 1345 1573 Ego
1377 1502 1439 1563 περ·

352 1606 469 1660 autem
502 1596 611 1659 credo
643 1597 742 1678 quod
775 1605 830 1659 est
861 1595 1100 1659 necessarium
1130 1615 1177 1657 ex
1209 1615 1345 1677 suppo·

352 1700 487 1764 sicione
515 1700 615 1783 quod
642 1700 712 1764 sint
735 1700 835 1763 multi
857 1699 997 1763 viantes
1023 1698 1191 1762 continue
1215 1719 1235 1760 a
1258 1706 1345 1761 tem-

351 1824 440 1887 pore
464 1803 684 1868 ascensionis
701 1823 815 1886 usque
832 1804 876 1866 ad
892 1803 985 1866 diem
1001 1803 1122 1866 iudicii
1138 1802 1345 1867 sancciores

353 1909 494 1984 ceteris,
516 1908 577 1990 qui
592 1916 738 1971 teneant
754 1916 883 1971 statum
900 1917 938 1971 et
953 1907 1114 1970 ordinem
1132 1907 1344 1978 clericalem,

353 2011 404 2076 sic
427 2012 526 2093 quod
549 2011 769 2074 ordinacioni
792 2011 911 2074 divine
932 2019 1121 2094 repugnat,
1154 2011 1239 2092 quin
1262 2018 1390 2074 t0t015

352 2116 448 2177 clero
471 2134 645 2196 perverso
670 2134 782 2196 usque
804 2114 848 2176 ad
871 2116 994 2196 laycos
1010 2115 1111 2178 Deus
1132 2113 1251 2178 subito
1267 2115 1344 2177 illu-

352 2218 501 2281 minaret
531 2217 684 2300 aliquem
716 2238 849 2295 eorum,
882 2218 933 2282 sic
966 2221 1062 2301 quod
1086 2218 1225 2282 viveret
1254 2240 1345 2301 pure

163 2351 219 2382 even
235 2339 323 2394 though
355 2321 640 2405 exproprietarie
658 2332 694 2385 et
710 2334 833 2385 sancte
849 2324 895 2385 de
911 2333 1011 2387 sorte
1026 2322 1185 2399 Domini;
1211 2332 1249 2386 et
1259 2336 1344 2386 tunc

140 2454 171 2486 no
185 2392 329 2499 ahssplidanr
352 2426 446 2490 foret
470 2425 630 2502 clericus,
653 2426 739 2489 licet
761 2446 828 2489 nec
851 2426 968 2509 aliqua
984 2436 1125 2509 septem
1140 2426 1273 2489 arcium
1298 2428 1345 2490 sit

148 2495 322 2604 hilallll‘ll
351 2531 508 2595 imbutus
531 2550 599 2593 nec
623 2532 818 2594 secundum
845 2531 934 2595 ritus
958 2530 1184 2614 episcopales
1208 2530 1255 2594 sit
1277 2531 1344 2594 hu·
1358 2548 1392 2586 20

204 2611 267 2644 Μ’
351 2635 503 2699 manitus
541 2635 731 2699 ordinatus.
778 2635 852 2698 Ista
894 2645 1010 2698 autem
1049 2634 1234 2698 evidencia
1271 2654 1345 2697 non

351 2741 482 2820 probat
498 2740 595 2821 quod
612 2739 662 2802 sic
679 2748 736 2802 est
751 2740 796 2802 de
812 2739 919 2817 facto,
943 2742 1008 2803 sed
1032 2739 1176 2803 videtur
1191 2740 1344 2802 suadere

352 2845 449 2925 quod
480 2843 531 2906 sic
560 2851 684 2925 potest
708 2864 788 2908 esse
813 2846 858 2906 de
881 2845 952 2907 Dei
976 2843 1145 2926 potencia
1171 2844 1345 2909 absoluta.

351 2946 577 3010 Eleccionem
601 2956 717 3010 autem
734 2948 804 3011 Dei
826 2947 862 3010 in
885 2947 1016 3010 talibus
1032 2958 1180 3031 oportet
1202 2968 1344 3011 omnem

350 3051 492 3113 fidelem
517 3052 727 3128 concedere,
751 3052 834 3134 quia
856 3054 962 3115 homo
983 3072 1054 3115 non
1071 3052 1171 3135 eligit
1186 3052 1390 3115 ramora-25

350 3155 431 3218 liter
446 3155 550 3218 alium
562 3156 606 3218 ad
623 3155 770 3238 aliquam
781 3156 1002 3239 dignitatem,
1018 3156 1085 3220 nisi
1102 3157 1184 3239 quia
1198 3165 1345 3239 reputat

352 3278 431 3321 eum
455 3259 609 3340 dignum,
633 3260 699 3322 sed
721 3260 752 3324 si
775 3269 831 3322 est
855 3260 985 3342 dignus
1008 3262 1052 3324 ad
1076 3260 1218 3341 aliquid,
1244 3269 1301 3323 est
1323 3282 1345 3323 a

350 3364 430 3426 Deo
453 3364 667 3444 preelectus,
692 3364 790 3446 quod
812 3364 922 3427 debet
945 3367 1105 3444 credere;
1128 3365 1212 3427 ideo
1237 3384 1343 3428 nemo

351 3467 462 3529 debet
486 3466 621 3549 eligere
645 3487 856 3550 quemquam
874 3469 920 3530 ad
943 3467 1083 3550 aliquid,
1108 3468 1175 3531 nisi
1197 3477 1344 3550 reputet

352 3589 431 3632 eum
463 3592 484 3631 a
505 3569 662 3633 Domino
695 3573 928 3653 preelectum,
966 3582 1003 3635 et
1033 3574 1102 3636 hoc
1135 3582 1192 3636 est
1218 3583 1343 3637 notum
1356 3578 1390 3628 30

351 3674 446 3756 apud
470 3693 534 3737 eos
558 3674 618 3757 qui
641 3675 766 3738 vident
789 3678 889 3758 quod
911 3695 1062 3739 necesse
1088 3688 1143 3740 est
1163 3678 1280 3740 Deum
1296 3680 1344 3741 ad

404 3944 426 3976 2.
441 3931 515 3974 Codd.
532 3931 555 3974 in
571 3942 658 3986 marga
673 3929 737 3986 Papo
753 3933 834 3989 Agnes
848 3931 937 3976 mulier.

405 4058 427 4107 3.
456 4058 505 4107 See
535 4057 631 4109 below.
656 4057 697 4110 ef.
724 4069 750 4108 et
778 4059 842 4121 line,
867 4061 906 4109 De
929 4060 1000 4111 Eccl.
1033 4060 1078 4110 sol.
1114 4066 1183 4110 220⁸.
1214 4061 1343 4112 lobannis

351 4142 472 4210 Wyclil'r
486 4145 614 4210 cruciata,
632 4145 687 4195 Pol.
698 4145 805 4212 Works,
819 4148 860 4198 ed.
874 4147 1043 4214 Buddensicg
1056 4147 1119 4216 619;
1138 4149 1228 4214 Agnes
1243 4149 1343 4199 ibidem

352 4234 428 4280 Anna
456 4232 617 4284 nominetur.
646 4233 695 4283 See
724 4233 869 4299 Ddllinger,
898 4234 1066 4300 Papstlnbeln
1095 4237 1141 4285 des
1169 4236 1342 4301 liittelnlters,

351 4334 409 4385 pag.
434 4319 471 4372 16.
