<?xml version="1.0" encoding="UTF-8"?>
<!DOCTYPE html PUBLIC "-//W3C//DTD XHTML 1.0 Transitional//EN"
    "http://www.w3.org/TR/xhtml1/DTD/xhtml1-transitional.dtd">
<html xmlns="http://www.w3.org/1999/xhtml" xml:lang="en" lang="en">
 <head>
  <title>
</title>
<meta http-equiv="Content-Type" content="text/html;charset=utf-8" />
  <meta name='ocr-system' content='tesseract 3.04.00' />
  <meta name='ocr-capabilities' content='ocr_page ocr_carea ocr_par ocr_line ocrx_word'/>
</head>
<body>
  <div class='ocr_page' id='page_1' title='image "./johanniswyclift00mattgoog/johanniswyclift00mattgoog_0334.png"; bbox 0 0 3008 5026; ppageno 0'>
   <div class='ocr_carea' id='block_1_1' title="bbox 77 389 849 469">
    <p class='ocr_par' dir='ltr' id='par_1_1' title="bbox 77 389 849 469">
     <span class='ocr_line' id='line_1_1' title="bbox 77 389 849 469; baseline 0.003 -15"><span class='ocrx_word' id='word_1_1' title='bbox 77 447 81 454; x_wconf 90' lang='lat'>.</span> <span class='ocrx_word' id='word_1_2' title='bbox 155 399 224 445; x_wconf 69' lang='lat' dir='ltr'>ctr-</span> <span class='ocrx_word' id='word_1_3' title='bbox 238 389 291 469; x_wconf 62' lang='lat' dir='ltr'>xl]</span> <span class='ocrx_word' id='word_1_4' title='bbox 455 408 500 456; x_wconf 78' lang='lat' dir='ltr'>oe</span> <span class='ocrx_word' id='word_1_5' title='bbox 520 406 732 457; x_wconf 74' lang='lat' dir='ltr'>Pores&#39;rnrs</span> <span class='ocrx_word' id='word_1_6' title='bbox 750 407 849 458; x_wconf 78' lang='grc' dir='ltr'><strong>ΡΑΡΕ.</strong></span> 
     </span>
    </p>
   </div>
   <div class='ocr_carea' id='block_1_2' title="bbox 63 562 1335 2833">
    <p class='ocr_par' dir='ltr' id='par_1_2' title="bbox 63 562 1147 2190">
     <span class='ocr_line' id='line_1_2' title="bbox 155 562 1145 645; baseline 0.001 -20"><span class='ocrx_word' id='word_1_7' title='bbox 155 563 196 625; x_wconf 92' lang='lat' dir='ltr'>In</span> <span class='ocrx_word' id='word_1_8' title='bbox 227 562 309 645; x_wconf 92' lang='lat' dir='ltr'>ipso</span> <span class='ocrx_word' id='word_1_9' title='bbox 342 572 459 627; x_wconf 90' lang='lat' dir='ltr'>autem</span> <span class='ocrx_word' id='word_1_10' title='bbox 491 582 643 626; x_wconf 89' lang='lat' dir='ltr'>necesse</span> <span class='ocrx_word' id='word_1_11' title='bbox 677 562 744 626; x_wconf 89' lang='lat' dir='ltr'>fuit</span> <span class='ocrx_word' id='word_1_12' title='bbox 776 565 924 625; x_wconf 89' lang='lat' dir='ltr'>verbum</span> <span class='ocrx_word' id='word_1_13' title='bbox 956 563 1027 626; x_wconf 91' lang='lat' dir='ltr'>Dei</span> <span class='ocrx_word' id='word_1_14' title='bbox 1065 583 1145 628; x_wconf 90' lang='lat' dir='ltr'>esse</span> 
     </span>
     <span class='ocr_line' id='line_1_3' title="bbox 155 666 1145 751; baseline 0.003 -22"><span class='ocrx_word' id='word_1_15' title='bbox 155 667 376 748; x_wconf 90' lang='lat' dir='ltr'>unigenitum</span> <span class='ocrx_word' id='word_1_16' title='bbox 392 667 463 731; x_wconf 92' lang='lat' dir='ltr'>Dei</span> <span class='ocrx_word' id='word_1_17' title='bbox 478 667 597 749; x_wconf 86' lang='lat' dir='ltr'>patris,</span> <span class='ocrx_word' id='word_1_18' title='bbox 619 668 713 730; x_wconf 91' lang='lat' dir='ltr'>unde</span> <span class='ocrx_word' id='word_1_19' title='bbox 735 666 878 730; x_wconf 89' lang='lat' dir='ltr'>videtur</span> <span class='ocrx_word' id='word_1_20' title='bbox 895 668 992 749; x_wconf 90' lang='lat' dir='ltr'>quod</span> <span class='ocrx_word' id='word_1_21' title='bbox 1009 687 1145 751; x_wconf 85' lang='lat' dir='ltr'>cogens</span> 
     </span>
     <span class='ocr_line' id='line_1_4' title="bbox 156 772 1147 856; baseline 0.004 -24"><span class='ocrx_word' id='word_1_22' title='bbox 156 772 201 833; x_wconf 86' lang='lat' dir='ltr'>ad</span> <span class='ocrx_word' id='word_1_23' title='bbox 234 772 449 835; x_wconf 88' lang='lat' dir='ltr'>credendum</span> <span class='ocrx_word' id='word_1_24' title='bbox 482 781 521 834; x_wconf 92' lang='lat' dir='ltr'>ut</span> <span class='ocrx_word' id='word_1_25' title='bbox 552 772 667 848; x_wconf 86' lang='lat' dir='ltr'>fidem,</span> <span class='ocrx_word' id='word_1_26' title='bbox 706 773 804 854; x_wconf 89' lang='lat' dir='ltr'>quod</span> <span class='ocrx_word' id='word_1_27' title='bbox 840 773 919 855; x_wconf 88' lang='lat' dir='ltr'>ipse</span> <span class='ocrx_word' id='word_1_28' title='bbox 955 773 1000 836; x_wconf 90' lang='lat' dir='ltr'>sit</span> <span class='ocrx_word' id='word_1_29' title='bbox 1038 782 1147 856; x_wconf 89' lang='lat' dir='ltr'>caput</span> 
     </span>
     <span class='ocr_line' id='line_1_5' title="bbox 156 875 1145 960; baseline 0.003 -24"><span class='ocrx_word' id='word_1_30' title='bbox 156 884 277 938; x_wconf 89' lang='lat' dir='ltr'>sancte</span> <span class='ocrx_word' id='word_1_31' title='bbox 300 875 421 939; x_wconf 89' lang='lat' dir='ltr'>matris</span> <span class='ocrx_word' id='word_1_32' title='bbox 442 876 605 954; x_wconf 79' lang='lat' dir='ltr'>ecclesie,</span> <span class='ocrx_word' id='word_1_33' title='bbox 629 876 814 939; x_wconf 78' lang='lat' dir='ltr'>extollitur</span> <span class='ocrx_word' id='word_1_34' title='bbox 830 898 941 960; x_wconf 90' lang='lat' dir='ltr'>super</span> <span class='ocrx_word' id='word_1_35' title='bbox 958 877 1145 953; x_wconf 84' lang='lat' dir='ltr'>Christum,</span> 
     </span>
     <span class='ocr_line' id='line_1_6' title="bbox 131 978 1146 1061; baseline -0.003 -14"><span class='ocrx_word' id='word_1_36' title='bbox 131 978 237 1061; x_wconf 64' lang='lat' dir='ltr'>§quia</span> <span class='ocrx_word' id='word_1_37' title='bbox 260 979 421 1043; x_wconf 91' lang='lat' dir='ltr'>Christus</span> <span class='ocrx_word' id='word_1_38' title='bbox 450 980 573 1043; x_wconf 90' lang='lat' dir='ltr'>docuit</span> <span class='ocrx_word' id='word_1_39' title='bbox 599 980 687 1044; x_wconf 89' lang='lat' dir='ltr'>illud</span> <span class='ocrx_word' id='word_1_40' title='bbox 710 982 921 1045; x_wconf 87' lang='lat' dir='ltr'>abscondite</span> <span class='ocrx_word' id='word_1_41' title='bbox 951 982 988 1045; x_wconf 91' lang='lat' dir='ltr'>in</span> <span class='ocrx_word' id='word_1_42' title='bbox 1012 989 1146 1044; x_wconf 88' lang='lat' dir='ltr'>tantum</span> 
     </span>
     <span class='ocr_line' id='line_1_7' title="bbox 156 1085 1145 1168; baseline 0.003 -22"><span class='ocrx_word' id='word_1_43' title='bbox 156 1086 253 1165; x_wconf 88' lang='lat' dir='ltr'>quod</span> <span class='ocrx_word' id='word_1_44' title='bbox 281 1085 411 1148; x_wconf 90' lang='lat' dir='ltr'>elicere</span> <span class='ocrx_word' id='word_1_45' title='bbox 440 1105 487 1147; x_wconf 90' lang='lat' dir='ltr'>ex</span> <span class='ocrx_word' id='word_1_46' title='bbox 514 1086 690 1168; x_wconf 86' lang='lat' dir='ltr'>scriptura</span> <span class='ocrx_word' id='word_1_47' title='bbox 717 1086 883 1149; x_wconf 92' lang='lat' dir='ltr'>unionem</span> <span class='ocrx_word' id='word_1_48' title='bbox 909 1085 1145 1168; x_wconf 88' lang='lat' dir='ltr'>ypostaticam</span> 
     </span>
     <span class='ocr_line' id='line_1_8' title="bbox 155 1188 1145 1273; baseline 0.004 -23"><span class='ocrx_word' id='word_1_49' title='bbox 155 1188 380 1251; x_wconf 85' lang='lat' dir='ltr'>humanitatis</span> <span class='ocrx_word' id='word_1_50' title='bbox 413 1198 450 1252; x_wconf 89' lang='lat' dir='ltr'>et</span> <span class='ocrx_word' id='word_1_51' title='bbox 483 1189 676 1252; x_wconf 89' lang='lat' dir='ltr'>divinitatis</span> <span class='ocrx_word' id='word_1_52' title='bbox 701 1190 841 1266; x_wconf 86' lang='lat' dir='ltr'>Christi,</span> <span class='ocrx_word' id='word_1_53' title='bbox 874 1191 950 1254; x_wconf 90' lang='lat' dir='ltr'>sine</span> <span class='ocrx_word' id='word_1_54' title='bbox 979 1212 1049 1273; x_wconf 90' lang='lat' dir='ltr'>qua</span> <span class='ocrx_word' id='word_1_55' title='bbox 1074 1210 1145 1255; x_wconf 92' lang='lat' dir='ltr'>non</span> 
     </span>
     <span class='ocr_line' id='line_1_9' title="bbox 63 1290 1147 1378; baseline -0.002 -19"><span class='ocrx_word' id='word_1_56' title='bbox 63 1309 127 1359; x_wconf 64' lang='lat'>22⁸⁴</span> <span class='ocrx_word' id='word_1_57' title='bbox 156 1290 249 1355; x_wconf 83' lang='lat' dir='ltr'>foret</span> <span class='ocrx_word' id='word_1_58' title='bbox 273 1303 380 1373; x_wconf 87' lang='lat' dir='ltr'>caput</span> <span class='ocrx_word' id='word_1_59' title='bbox 401 1291 611 1357; x_wconf 90' lang='lat' dir='ltr'>universalis</span> <span class='ocrx_word' id='word_1_60' title='bbox 637 1294 791 1358; x_wconf 86' lang='lat' dir='ltr'>ecclesie</span> <span class='ocrx_word' id='word_1_61' title='bbox 815 1304 871 1357; x_wconf 91' lang='lat' dir='ltr'>est</span> <span class='ocrx_word' id='word_1_62' title='bbox 893 1295 1012 1357; x_wconf 90' lang='lat' dir='ltr'>multis</span> <span class='ocrx_word' id='word_1_63' title='bbox 1033 1295 1037 1378; x_wconf 87' lang='grc'>1</span> <span class='ocrx_word' id='word_1_64' title='bbox 1057 1293 1147 1358; x_wconf 86' lang='lat' dir='ltr'>diffi-</span> 
     </span>
     <span class='ocr_line' id='line_1_10' title="bbox 156 1395 1146 1479; baseline 0.003 -23"><span class='ocrx_word' id='word_1_65' title='bbox 156 1395 233 1457; x_wconf 92' lang='lat' dir='ltr'>cile.</span> <span class='ocrx_word' id='word_1_66' title='bbox 251 1396 344 1458; x_wconf 89' lang='lat' dir='ltr'>Illud</span> <span class='ocrx_word' id='word_1_67' title='bbox 360 1405 486 1473; x_wconf 90' lang='lat' dir='ltr'>autem,</span> <span class='ocrx_word' id='word_1_68' title='bbox 503 1398 600 1479; x_wconf 94' lang='lat' dir='ltr'>quod</span> <span class='ocrx_word' id='word_1_69' title='bbox 617 1396 777 1463; x_wconf 92' lang='lat' dir='ltr'>Christus</span> <span class='ocrx_word' id='word_1_70' title='bbox 794 1399 917 1461; x_wconf 90' lang='lat' dir='ltr'>docuit</span> <span class='ocrx_word' id='word_1_71' title='bbox 939 1400 1093 1461; x_wconf 89' lang='lat' dir='ltr'>latenter</span> <span class='ocrx_word' id='word_1_72' title='bbox 1108 1405 1146 1460; x_wconf 94' lang='lat' dir='ltr'>et</span> 
     </span>
     <span class='ocr_line' id='line_1_11' title="bbox 117 1500 1146 1584; baseline -0.003 -18"><span class='ocrx_word' id='word_1_73' title='bbox 117 1500 364 1566; x_wconf 72' lang='lat' dir='ltr'>10abscondite</span> <span class='ocrx_word' id='word_1_74' title='bbox 402 1503 446 1563; x_wconf 92' lang='lat' dir='ltr'>de</span> <span class='ocrx_word' id='word_1_75' title='bbox 486 1521 525 1565; x_wconf 91' lang='lat' dir='ltr'>se</span> <span class='ocrx_word' id='word_1_76' title='bbox 563 1501 655 1584; x_wconf 92' lang='lat' dir='ltr'>ipso,</span> <span class='ocrx_word' id='word_1_77' title='bbox 692 1502 780 1565; x_wconf 89' lang='lat' dir='ltr'>illud</span> <span class='ocrx_word' id='word_1_78' title='bbox 803 1502 1014 1565; x_wconf 87' lang='lat' dir='ltr'>docmatizat</span> <span class='ocrx_word' id='word_1_79' title='bbox 1045 1501 1146 1564; x_wconf 89' lang='lat' dir='ltr'>Anti·</span> 
     </span>
     <span class='ocr_line' id='line_1_12' title="bbox 157 1602 1147 1688; baseline 0.001 -22"><span class='ocrx_word' id='word_1_80' title='bbox 157 1602 308 1667; x_wconf 88' lang='lat' dir='ltr'>christus</span> <span class='ocrx_word' id='word_1_81' title='bbox 340 1604 550 1681; x_wconf 90' lang='lat' dir='ltr'>inordinate,</span> <span class='ocrx_word' id='word_1_82' title='bbox 582 1607 728 1688; x_wconf 89' lang='lat' dir='ltr'>publice</span> <span class='ocrx_word' id='word_1_83' title='bbox 762 1616 799 1668; x_wconf 89' lang='lat' dir='ltr'>et</span> <span class='ocrx_word' id='word_1_84' title='bbox 824 1606 1016 1669; x_wconf 89' lang='lat' dir='ltr'>infideliter</span> <span class='ocrx_word' id='word_1_85' title='bbox 1038 1606 1084 1669; x_wconf 89' lang='lat' dir='ltr'>de</span> <span class='ocrx_word' id='word_1_86' title='bbox 1107 1624 1147 1669; x_wconf 90' lang='lat' dir='ltr'>se</span> 
     </span>
     <span class='ocr_line' id='line_1_13' title="bbox 156 1709 1146 1794; baseline 0.001 -23"><span class='ocrx_word' id='word_1_87' title='bbox 156 1709 246 1792; x_wconf 90' lang='lat' dir='ltr'>ipso.</span> <span class='ocrx_word' id='word_1_88' title='bbox 284 1709 490 1773; x_wconf 89' lang='lat' dir='ltr'>Inordinate</span> <span class='ocrx_word' id='word_1_89' title='bbox 513 1711 606 1788; x_wconf 90' lang='lat' dir='ltr'>dico,</span> <span class='ocrx_word' id='word_1_90' title='bbox 639 1711 722 1794; x_wconf 91' lang='lat' dir='ltr'>quia</span> <span class='ocrx_word' id='word_1_91' title='bbox 749 1711 825 1774; x_wconf 91' lang='lat' dir='ltr'>sine</span> <span class='ocrx_word' id='word_1_92' title='bbox 859 1711 1045 1776; x_wconf 89' lang='lat' dir='ltr'>evidencia</span> <span class='ocrx_word' id='word_1_93' title='bbox 1077 1729 1146 1793; x_wconf 90' lang='lat' dir='ltr'>que</span> 
     </span>
     <span class='ocr_line' id='line_1_14' title="bbox 156 1813 1147 1898; baseline 0.002 -24"><span class='ocrx_word' id='word_1_94' title='bbox 156 1813 261 1875; x_wconf 88' lang='lat' dir='ltr'>fidem</span> <span class='ocrx_word' id='word_1_95' title='bbox 285 1814 454 1897; x_wconf 86' lang='lat' dir='ltr'>gigneret</span> <span class='ocrx_word' id='word_1_96' title='bbox 477 1834 722 1897; x_wconf 90' lang='lat' dir='ltr'>quoscumque</span> <span class='ocrx_word' id='word_1_97' title='bbox 749 1815 809 1897; x_wconf 93' lang='lat' dir='ltr'>qui</span> <span class='ocrx_word' id='word_1_98' title='bbox 824 1815 912 1878; x_wconf 93' lang='lat' dir='ltr'>illud</span> <span class='ocrx_word' id='word_1_99' title='bbox 937 1814 1147 1898; x_wconf 87' lang='lat' dir='ltr'>negaverint</span> 
     </span>
     <span class='ocr_line' id='line_1_15' title="bbox 157 1917 1146 2001; baseline 0.001 -23"><span class='ocrx_word' id='word_1_100' title='bbox 157 1926 304 1980; x_wconf 90' lang='lat' dir='ltr'>conatur</span> <span class='ocrx_word' id='word_1_101' title='bbox 342 1917 572 2001; x_wconf 88' lang='lat' dir='ltr'>extinguere;</span> <span class='ocrx_word' id='word_1_102' title='bbox 613 1927 650 1981; x_wconf 92' lang='lat' dir='ltr'>et</span> <span class='ocrx_word' id='word_1_103' title='bbox 687 1920 757 1981; x_wconf 91' lang='lat' dir='ltr'>hoc</span> <span class='ocrx_word' id='word_1_104' title='bbox 795 1938 867 1981; x_wconf 94' lang='lat' dir='ltr'>non</span> <span class='ocrx_word' id='word_1_105' title='bbox 906 1927 962 1981; x_wconf 90' lang='lat' dir='ltr'>est</span> <span class='ocrx_word' id='word_1_106' title='bbox 993 1918 1146 1981; x_wconf 90' lang='lat' dir='ltr'>medium</span> 
     </span>
     <span class='ocr_line' id='line_1_16' title="bbox 118 2020 1147 2105; baseline -0.001 -21"><span class='ocrx_word' id='word_1_107' title='bbox 118 2021 390 2103; x_wconf 64' lang='lat' dir='ltr'>ifiapostolicum</span> <span class='ocrx_word' id='word_1_108' title='bbox 423 2023 487 2086; x_wconf 91' lang='lat' dir='ltr'>sed</span> <span class='ocrx_word' id='word_1_109' title='bbox 521 2024 756 2105; x_wconf 87' lang='lat' dir='ltr'>apostaticum</span> <span class='ocrx_word' id='word_1_110' title='bbox 787 2022 1031 2086; x_wconf 87' lang='lat' dir='ltr'>antichristive</span> <span class='ocrx_word' id='word_1_111' title='bbox 1063 2020 1147 2085; x_wconf 86' lang='lat' dir='ltr'>fidei</span> 
     </span>
     <span class='ocr_line' id='line_1_17' title="bbox 154 2124 384 2190; baseline 0.017 -4"><span class='ocrx_word' id='word_1_112' title='bbox 154 2124 384 2190; x_wconf 88' lang='lat' dir='ltr'>inductivum.</span> 
     </span>
    </p>

    <p class='ocr_par' dir='ltr' id='par_1_3' title="bbox 156 2228 1147 2522">
     <span class='ocr_line' id='line_1_18' title="bbox 200 2228 1147 2314; baseline -0.002 -21"><span class='ocrx_word' id='word_1_113' title='bbox 200 2228 273 2293; x_wconf 89' lang='lat' dir='ltr'>Sed</span> <span class='ocrx_word' id='word_1_114' title='bbox 285 2241 408 2294; x_wconf 91' lang='lat' dir='ltr'>contra</span> <span class='ocrx_word' id='word_1_115' title='bbox 421 2231 508 2294; x_wconf 92' lang='lat' dir='ltr'>illud</span> <span class='ocrx_word' id='word_1_116' title='bbox 518 2231 617 2294; x_wconf 92' lang='lat' dir='ltr'>multi</span> <span class='ocrx_word' id='word_1_117' title='bbox 626 2241 781 2314; x_wconf 89' lang='lat' dir='ltr'>arguunt</span> <span class='ocrx_word' id='word_1_118' title='bbox 791 2231 887 2314; x_wconf 93' lang='lat' dir='ltr'>quod</span> <span class='ocrx_word' id='word_1_119' title='bbox 902 2239 974 2294; x_wconf 82' lang='lat' dir='ltr'>stat</span> <span class='ocrx_word' id='word_1_120' title='bbox 982 2229 1147 2293; x_wconf 86' lang='lat' dir='ltr'>feminam</span> 
     </span>
     <span class='ocr_line' id='line_1_19' title="bbox 157 2334 1146 2418; baseline 0.001 -23"><span class='ocrx_word' id='word_1_121' title='bbox 157 2336 213 2396; x_wconf 90' lang='lat' dir='ltr'>vel</span> <span class='ocrx_word' id='word_1_122' title='bbox 230 2337 369 2417; x_wconf 90' lang='lat' dir='ltr'>laycum</span> <span class='ocrx_word' id='word_1_123' title='bbox 387 2355 468 2399; x_wconf 89' lang='lat' dir='ltr'>esse</span> <span class='ocrx_word' id='word_1_124' title='bbox 483 2355 623 2418; x_wconf 90' lang='lat' dir='ltr'>papam,</span> <span class='ocrx_word' id='word_1_125' title='bbox 641 2355 718 2399; x_wconf 90' lang='lat' dir='ltr'>cum</span> <span class='ocrx_word' id='word_1_126' title='bbox 734 2334 925 2399; x_wconf 90' lang='lat' dir='ltr'>verisimile</span> <span class='ocrx_word' id='word_1_127' title='bbox 942 2335 988 2399; x_wconf 91' lang='lat' dir='ltr'>sit</span> <span class='ocrx_word' id='word_1_128' title='bbox 1006 2336 1146 2397; x_wconf 85' lang='lat' dir='ltr'>beatam</span> 
     </span>
     <span class='ocr_line' id='line_1_20' title="bbox 156 2437 1146 2522; baseline 0 -22"><span class='ocrx_word' id='word_1_129' title='bbox 156 2439 331 2522; x_wconf 90' lang='lat' dir='ltr'>virginem</span> <span class='ocrx_word' id='word_1_130' title='bbox 355 2450 440 2522; x_wconf 94' lang='lat' dir='ltr'>post</span> <span class='ocrx_word' id='word_1_131' title='bbox 463 2439 707 2504; x_wconf 90' lang='lat' dir='ltr'>ascensionem</span> <span class='ocrx_word' id='word_1_132' title='bbox 731 2441 825 2503; x_wconf 89' lang='lat' dir='ltr'>inter</span> <span class='ocrx_word' id='word_1_133' title='bbox 844 2448 986 2502; x_wconf 90' lang='lat' dir='ltr'>ceteros</span> <span class='ocrx_word' id='word_1_134' title='bbox 1002 2437 1146 2521; x_wconf 91' lang='lat' dir='ltr'>propin·</span> 
     </span>
    </p>

    <p class='ocr_par' dir='ltr' id='par_1_4' title="bbox 114 2543 1146 2731">
     <span class='ocr_line' id='line_1_21' title="bbox 114 2543 1146 2625; baseline 0.001 -21"><span class='ocrx_word' id='word_1_135' title='bbox 114 2573 146 2605; x_wconf 70' lang='grc' dir='ltr'>ω</span> <span class='ocrx_word' id='word_1_136' title='bbox 157 2543 260 2623; x_wconf 91' lang='lat' dir='ltr'>quius</span> <span class='ocrx_word' id='word_1_137' title='bbox 283 2543 386 2625; x_wconf 90' lang='lat' dir='ltr'>sequi</span> <span class='ocrx_word' id='word_1_138' title='bbox 409 2543 598 2620; x_wconf 88' lang='lat' dir='ltr'>Christum,</span> <span class='ocrx_word' id='word_1_139' title='bbox 622 2554 658 2607; x_wconf 92' lang='lat' dir='ltr'>et</span> <span class='ocrx_word' id='word_1_140' title='bbox 682 2553 752 2607; x_wconf 89' lang='lat' dir='ltr'>stat</span> <span class='ocrx_word' id='word_1_141' title='bbox 774 2544 914 2625; x_wconf 89' lang='lat' dir='ltr'>laycum</span> <span class='ocrx_word' id='word_1_142' title='bbox 939 2562 1020 2605; x_wconf 91' lang='lat' dir='ltr'>esse</span> <span class='ocrx_word' id='word_1_143' title='bbox 1044 2561 1146 2624; x_wconf 89' lang='lat' dir='ltr'>supe·</span> 
     </span>
     <span class='ocr_line' id='line_1_22' title="bbox 156 2646 1008 2731; baseline 0.001 -22"><span class='ocrx_word' id='word_1_144' title='bbox 156 2646 284 2710; x_wconf 87' lang='lat' dir='ltr'>riorem</span> <span class='ocrx_word' id='word_1_145' title='bbox 307 2647 344 2709; x_wconf 93' lang='lat' dir='ltr'>in</span> <span class='ocrx_word' id='word_1_146' title='bbox 366 2647 523 2710; x_wconf 88' lang='lat' dir='ltr'>moribus</span> <span class='ocrx_word' id='word_1_147' title='bbox 547 2667 773 2731; x_wconf 89' lang='lat' dir='ltr'>quocumque</span> <span class='ocrx_word' id='word_1_148' title='bbox 796 2646 1008 2730; x_wconf 76' lang='lat' dir='ltr'>presbitero,</span> 
     </span>
    </p>

    <p class='ocr_par' dir='ltr' id='par_1_5' title="bbox 204 2750 1335 2833">
     <span class='ocr_line' id='line_1_23' title="bbox 204 2750 1335 2833; baseline 0.004 -21"><span class='ocrx_word' id='word_1_149' title='bbox 204 2751 269 2814; x_wconf 88' lang='lat' dir='ltr'>Hic</span> <span class='ocrx_word' id='word_1_150' title='bbox 302 2751 430 2814; x_wconf 88' lang='lat' dir='ltr'>dicitur</span> <span class='ocrx_word' id='word_1_151' title='bbox 461 2753 559 2833; x_wconf 92' lang='lat' dir='ltr'>quod</span> <span class='ocrx_word' id='word_1_152' title='bbox 590 2754 697 2815; x_wconf 90' lang='lat' dir='ltr'>beata</span> <span class='ocrx_word' id='word_1_153' title='bbox 728 2751 832 2832; x_wconf 91' lang='lat' dir='ltr'>virgo</span> <span class='ocrx_word' id='word_1_154' title='bbox 864 2750 930 2813; x_wconf 89' lang='lat' dir='ltr'>fuit</span> <span class='ocrx_word' id='word_1_155' title='bbox 967 2770 1061 2832; x_wconf 89' lang='lat' dir='ltr'>papa</span> <span class='ocrx_word' id='word_1_156' title='bbox 1094 2769 1146 2813; x_wconf 89' lang='lat' dir='ltr'>se·</span> <span class='ocrx_word' id='word_1_157' title='bbox 1192 2764 1335 2816; x_wconf 71' lang='lat' dir='ltr'>cavrtrthat</span> 
     </span>
    </p>
   </div>
   <div class='ocr_carea' id='block_1_3' title="bbox 157 2817 1356 2935">
    <p class='ocr_par' dir='ltr' id='par_1_6' title="bbox 157 2817 1356 2935">
     <span class='ocr_line' id='line_1_24' title="bbox 157 2817 1356 2935; baseline -0.005 -17"><span class='ocrx_word' id='word_1_158' title='bbox 157 2857 310 2919; x_wconf 91' lang='lat' dir='ltr'>cundum</span> <span class='ocrx_word' id='word_1_159' title='bbox 343 2856 594 2920; x_wconf 86' lang='lat' dir='ltr'>extensionem</span> <span class='ocrx_word' id='word_1_160' title='bbox 624 2855 776 2919; x_wconf 91' lang='lat' dir='ltr'>nominis</span> <span class='ocrx_word' id='word_1_161' title='bbox 800 2857 940 2918; x_wconf 90' lang='lat' dir='ltr'>doctam</span> <span class='ocrx_word' id='word_1_162' title='bbox 968 2817 1356 2935; x_wconf 59' lang='lat' dir='ltr'>superius;⁶⁰⁶llll‘elll¹¹⁶</span> 
     </span>
    </p>
   </div>
   <div class='ocr_carea' id='block_1_4' title="bbox 114 2920 1359 3982">
    <p class='ocr_par' dir='ltr' id='par_1_7' title="bbox 114 2920 1359 3982">
     <span class='ocr_line' id='line_1_25' title="bbox 157 2920 1321 3034; baseline -0.005 -13"><span class='ocrx_word' id='word_1_163' title='bbox 157 2960 223 3022; x_wconf 86' lang='lat' dir='ltr'>fuit</span> <span class='ocrx_word' id='word_1_164' title='bbox 255 2959 346 3023; x_wconf 89' lang='lat' dir='ltr'>enim</span> <span class='ocrx_word' id='word_1_165' title='bbox 380 2960 602 3023; x_wconf 83' lang='lat' dir='ltr'>excellenter</span> <span class='ocrx_word' id='word_1_166' title='bbox 628 2959 798 3023; x_wconf 90' lang='lat' dir='ltr'>mirabilis</span> <span class='ocrx_word' id='word_1_167' title='bbox 826 2957 1025 3034; x_wconf 83' lang='lat' dir='ltr'>sanctitate,</span> <span class='ocrx_word' id='word_1_168' title='bbox 1057 2957 1149 3020; x_wconf 90' lang='lat' dir='ltr'>sicut</span> <span class='ocrx_word' id='word_1_169' title='bbox 1197 2920 1321 3028; x_wconf 57' lang='lat' dir='ltr'>B&#39;pl&#39;lllm</span> 
     </span>
     <span class='ocr_line' id='line_1_26' title="bbox 114 3063 1148 3148; baseline -0.002 -22"><span class='ocrx_word' id='word_1_170' title='bbox 114 3075 194 3129; x_wconf 62' lang='lat' dir='ltr'>met</span> <span class='ocrx_word' id='word_1_171' title='bbox 218 3064 283 3127; x_wconf 88' lang='lat' dir='ltr'>fuit</span> <span class='ocrx_word' id='word_1_172' title='bbox 307 3065 491 3143; x_wconf 87' lang='lat' dir='ltr'>sacerdos;</span> <span class='ocrx_word' id='word_1_173' title='bbox 528 3074 564 3127; x_wconf 90' lang='lat' dir='ltr'>et</span> <span class='ocrx_word' id='word_1_174' title='bbox 596 3065 789 3128; x_wconf 89' lang='lat' dir='ltr'>concordat</span> <span class='ocrx_word' id='word_1_175' title='bbox 812 3083 928 3147; x_wconf 89' lang='lat' dir='ltr'>genus</span> <span class='ocrx_word' id='word_1_176' title='bbox 955 3063 1148 3148; x_wconf 84' lang='lat' dir='ltr'>gramatice</span> 
     </span>
     <span class='ocr_line' id='line_1_27' title="bbox 158 3167 1148 3250; baseline -0.003 -19"><span class='ocrx_word' id='word_1_177' title='bbox 158 3189 236 3231; x_wconf 91' lang='lat' dir='ltr'>cum</span> <span class='ocrx_word' id='word_1_178' title='bbox 269 3168 400 3232; x_wconf 89' lang='lat' dir='ltr'>sanctis</span> <span class='ocrx_word' id='word_1_179' title='bbox 432 3168 558 3250; x_wconf 89' lang='lat' dir='ltr'>peritis</span> <span class='ocrx_word' id='word_1_180' title='bbox 590 3167 788 3250; x_wconf 85' lang='lat' dir='ltr'>linguarum</span> <span class='ocrx_word' id='word_1_181' title='bbox 822 3168 874 3230; x_wconf 89' lang='lat' dir='ltr'>sic</span> <span class='ocrx_word' id='word_1_182' title='bbox 906 3168 950 3229; x_wconf 89' lang='lat' dir='ltr'>de</span> <span class='ocrx_word' id='word_1_183' title='bbox 983 3186 1076 3250; x_wconf 87' lang='lat' dir='ltr'>papa</span> <span class='ocrx_word' id='word_1_184' title='bbox 1098 3168 1148 3229; x_wconf 94' lang='lat' dir='ltr'>lo-</span> 
     </span>
     <span class='ocr_line' id='line_1_28' title="bbox 157 3271 1148 3354; baseline -0.001 -20"><span class='ocrx_word' id='word_1_185' title='bbox 157 3272 358 3354; x_wconf 92' lang='lat' dir='ltr'>quentibus.</span> <span class='ocrx_word' id='word_1_186' title='bbox 396 3271 595 3336; x_wconf 87' lang='lat' dir='ltr'>Limitando</span> <span class='ocrx_word' id='word_1_187' title='bbox 630 3281 746 3335; x_wconf 89' lang='lat' dir='ltr'>autem</span> <span class='ocrx_word' id='word_1_188' title='bbox 779 3271 920 3354; x_wconf 90' lang='lat' dir='ltr'>signum</span> <span class='ocrx_word' id='word_1_189' title='bbox 948 3271 993 3333; x_wconf 88' lang='lat' dir='ltr'>ad</span> <span class='ocrx_word' id='word_1_190' title='bbox 1017 3290 1148 3354; x_wconf 92' lang='lat' dir='ltr'>propo·</span> 
     </span>
     <span class='ocr_line' id='line_1_29' title="bbox 157 3374 1148 3458; baseline -0.002 -19"><span class='ocrx_word' id='word_1_191' title='bbox 157 3377 272 3453; x_wconf 91' lang='lat' dir='ltr'>situm,</span> <span class='ocrx_word' id='word_1_192' title='bbox 311 3376 443 3440; x_wconf 89' lang='lat' dir='ltr'>dietum</span> <span class='ocrx_word' id='word_1_193' title='bbox 482 3386 538 3439; x_wconf 87' lang='lat' dir='ltr'>est</span> <span class='ocrx_word' id='word_1_194' title='bbox 575 3376 673 3458; x_wconf 90' lang='lat' dir='ltr'>quod</span> <span class='ocrx_word' id='word_1_195' title='bbox 710 3396 804 3458; x_wconf 88' lang='lat' dir='ltr'>papa</span> <span class='ocrx_word' id='word_1_196' title='bbox 842 3385 898 3438; x_wconf 92' lang='lat' dir='ltr'>est</span> <span class='ocrx_word' id='word_1_197' title='bbox 936 3374 1148 3457; x_wconf 90' lang='lat' dir='ltr'>quicumque</span> 
     </span>
     <span class='ocr_line' id='line_1_30' title="bbox 157 3478 1150 3563; baseline -0.004 -19"><span class='ocrx_word' id='word_1_198' title='bbox 157 3482 283 3558; x_wconf 86' lang='lat' dir='ltr'>viator,</span> <span class='ocrx_word' id='word_1_199' title='bbox 308 3481 368 3563; x_wconf 93' lang='lat' dir='ltr'>qui</span> <span class='ocrx_word' id='word_1_200' title='bbox 384 3481 545 3562; x_wconf 88' lang='lat' dir='ltr'>sequitur</span> <span class='ocrx_word' id='word_1_201' title='bbox 561 3479 738 3543; x_wconf 88' lang='lat' dir='ltr'>Christum</span> <span class='ocrx_word' id='word_1_202' title='bbox 755 3478 911 3555; x_wconf 90' lang='lat' dir='ltr'>similius,</span> <span class='ocrx_word' id='word_1_203' title='bbox 932 3478 994 3541; x_wconf 92' lang='lat' dir='ltr'>ubi</span> <span class='ocrx_word' id='word_1_204' title='bbox 1009 3478 1150 3540; x_wconf 88' lang='lat' dir='ltr'>femella</span> 
     </span>
     <span class='ocr_line' id='line_1_31' title="bbox 116 3581 1149 3666; baseline -0.005 -19"><span class='ocrx_word' id='word_1_205' title='bbox 116 3599 147 3647; x_wconf 79' lang='lat'>30</span> <span class='ocrx_word' id='word_1_206' title='bbox 158 3586 369 3660; x_wconf 87' lang='lat' dir='ltr'>excluditur,</span> <span class='ocrx_word' id='word_1_207' title='bbox 380 3585 462 3666; x_wconf 90' lang='lat' dir='ltr'>quia</span> <span class='ocrx_word' id='word_1_208' title='bbox 472 3592 793 3666; x_wconf 90' lang='lat' dir='ltr'>quantumcumque</span> <span class='ocrx_word' id='word_1_209' title='bbox 811 3583 858 3647; x_wconf 94' lang='lat' dir='ltr'>sit</span> <span class='ocrx_word' id='word_1_210' title='bbox 873 3591 995 3647; x_wconf 91' lang='lat' dir='ltr'>sancta</span> <span class='ocrx_word' id='word_1_211' title='bbox 1009 3581 1149 3656; x_wconf 86' lang='lat' dir='ltr'>femina,</span> 
     </span>
     <span class='ocr_line' id='line_1_32' title="bbox 158 3686 1359 3775; baseline -0.007 -22"><span class='ocrx_word' id='word_1_212' title='bbox 158 3700 309 3775; x_wconf 88' lang='lat' dir='ltr'>propter</span> <span class='ocrx_word' id='word_1_213' title='bbox 330 3689 569 3753; x_wconf 82' lang='lat' dir='ltr'>infirmitatem</span> <span class='ocrx_word' id='word_1_214' title='bbox 593 3708 703 3752; x_wconf 90' lang='lat' dir='ltr'>sexus</span> <span class='ocrx_word' id='word_1_215' title='bbox 726 3708 798 3751; x_wconf 93' lang='lat' dir='ltr'>non</span> <span class='ocrx_word' id='word_1_216' title='bbox 815 3686 1030 3771; x_wconf 86' lang='lat' dir='ltr'>permittitur</span> <span class='ocrx_word' id='word_1_217' title='bbox 1046 3702 1181 3747; x_wconf 77' lang='lat' dir='ltr'>evan-n</span> <span class='ocrx_word' id='word_1_218' title='bbox 1196 3712 1289 3744; x_wconf 77' lang='lat' dir='ltr'>woman</span> <span class='ocrx_word' id='word_1_219' title='bbox 1305 3712 1359 3757; x_wconf 77' lang='lat' dir='ltr'>may</span> 
     </span>
     <span class='ocr_line' id='line_1_33' title="bbox 158 3753 1348 3879; baseline -0.006 -21"><span class='ocrx_word' id='word_1_220' title='bbox 158 3797 311 3879; x_wconf 88' lang='lat' dir='ltr'>gelizare</span> <span class='ocrx_word' id='word_1_221' title='bbox 343 3794 486 3879; x_wconf 90' lang='lat' dir='ltr'>publice</span> <span class='ocrx_word' id='word_1_222' title='bbox 518 3794 554 3856; x_wconf 94' lang='lat' dir='ltr'>in</span> <span class='ocrx_word' id='word_1_223' title='bbox 588 3793 740 3856; x_wconf 90' lang='lat' dir='ltr'>ecclesia</span> <span class='ocrx_word' id='word_1_224' title='bbox 772 3812 840 3855; x_wconf 89' lang='lat' dir='ltr'>nec</span> <span class='ocrx_word' id='word_1_225' title='bbox 875 3810 977 3855; x_wconf 85' lang='lat' dir='ltr'>orare</span> <span class='ocrx_word' id='word_1_226' title='bbox 1005 3791 1149 3852; x_wconf 88' lang='lat' dir='ltr'>detecto</span> <span class='ocrx_word' id='word_1_227' title='bbox 1180 3753 1348 3808; x_wconf 51' lang='lat' dir='ltr'>&#39;&#39;mm‘&#39;</span> 
     </span>
     <span class='ocr_line' id='line_1_34' title="bbox 159 3893 1148 3982; baseline -0.007 -19"><span class='ocrx_word' id='word_1_228' title='bbox 159 3901 288 3982; x_wconf 88' lang='lat' dir='ltr'>capite,</span> <span class='ocrx_word' id='word_1_229' title='bbox 316 3909 355 3962; x_wconf 92' lang='lat' dir='ltr'>ut</span> <span class='ocrx_word' id='word_1_230' title='bbox 381 3898 467 3961; x_wconf 88' lang='lat' dir='ltr'>dicit</span> <span class='ocrx_word' id='word_1_231' title='bbox 494 3898 694 3980; x_wconf 87' lang='lat' dir='ltr'>Apostolus</span> <span class='ocrx_word' id='word_1_232' title='bbox 720 3896 830 3979; x_wconf 91' lang='lat' dir='ltr'>prima</span> <span class='ocrx_word' id='word_1_233' title='bbox 854 3896 934 3960; x_wconf 87' lang='lat' dir='ltr'>Cor.</span> <span class='ocrx_word' id='word_1_234' title='bbox 956 3893 1022 3957; x_wconf 89' lang='lat' dir='ltr'>XI.</span> <span class='ocrx_word' id='word_1_235' title='bbox 1059 3893 1148 3956; x_wconf 89' lang='lat' dir='ltr'>Ideo</span> 
     </span>
    </p>
   </div>
   <div class='ocr_carea' id='block_1_5' title="bbox 159 3999 1148 4085">
    <p class='ocr_par' dir='ltr' id='par_1_8' title="bbox 159 3999 1148 4085">
     <span class='ocr_line' id='line_1_35' title="bbox 159 3999 1148 4085; baseline -0.006 -19"><span class='ocrx_word' id='word_1_236' title='bbox 159 4004 282 4067; x_wconf 88' lang='lat' dir='ltr'>mulier</span> <span class='ocrx_word' id='word_1_237' title='bbox 305 4022 377 4066; x_wconf 94' lang='lat' dir='ltr'>non</span> <span class='ocrx_word' id='word_1_238' title='bbox 402 4011 459 4066; x_wconf 92' lang='lat' dir='ltr'>est</span> <span class='ocrx_word' id='word_1_239' title='bbox 481 4003 646 4085; x_wconf 91' lang='lat' dir='ltr'>ydoneus</span> <span class='ocrx_word' id='word_1_240' title='bbox 670 4001 878 4083; x_wconf 88' lang='lat' dir='ltr'>capitaneus</span> <span class='ocrx_word' id='word_1_241' title='bbox 907 3999 1059 4062; x_wconf 90' lang='lat' dir='ltr'>ecclesie</span> <span class='ocrx_word' id='word_1_242' title='bbox 1082 4016 1148 4061; x_wconf 90' lang='lat' dir='ltr'>nec</span> 
     </span>
    </p>
   </div>
   <div class='ocr_carea' id='block_1_6' title="bbox 159 4202 1149 4404">
    <p class='ocr_par' dir='ltr' id='par_1_9' title="bbox 159 4202 1149 4404">
     <span class='ocr_line' id='line_1_36' title="bbox 214 4202 1149 4262; baseline -0.004 -12"><span class='ocrx_word' id='word_1_243' title='bbox 214 4220 229 4251; x_wconf 89' lang='lat'>1.</span> <span class='ocrx_word' id='word_1_244' title='bbox 246 4207 321 4250; x_wconf 83' lang='lat' dir='ltr'>Codd.</span> <span class='ocrx_word' id='word_1_245' title='bbox 337 4206 360 4250; x_wconf 88' lang='lat' dir='ltr'>in</span> <span class='ocrx_word' id='word_1_246' title='bbox 375 4218 460 4261; x_wconf 67' lang='lat' dir='ltr'>marg:</span> <span class='ocrx_word' id='word_1_247' title='bbox 478 4206 554 4262; x_wconf 75' lang='lat' dir='ltr'>Caput</span> <span class='ocrx_word' id='word_1_248' title='bbox 572 4206 713 4250; x_wconf 73' lang='lat' dir='ltr'>universalis</span> <span class='ocrx_word' id='word_1_249' title='bbox 731 4206 826 4250; x_wconf 78' lang='lat' dir='ltr'>ecclesie</span> <span class='ocrx_word' id='word_1_250' title='bbox 842 4216 888 4248; x_wconf 83' lang='lat' dir='ltr'>non</span> <span class='ocrx_word' id='word_1_251' title='bbox 903 4210 938 4249; x_wconf 82' lang='lat' dir='ltr'>ert</span> <span class='ocrx_word' id='word_1_252' title='bbox 949 4216 1023 4260; x_wconf 77' lang='lat' dir='ltr'>papa.</span> <span class='ocrx_word' id='word_1_253' title='bbox 1076 4215 1098 4259; x_wconf 78' lang='grc' dir='ltr'>ι).</span> <span class='ocrx_word' id='word_1_254' title='bbox 1112 4202 1149 4247; x_wconf 84' lang='lat' dir='ltr'>la·</span> 
     </span>
     <span class='ocr_line' id='line_1_37' title="bbox 159 4273 1134 4333; baseline -0.005 -12"><span class='ocrx_word' id='word_1_255' title='bbox 159 4283 248 4329; x_wconf 60' lang='lat' dir='ltr'>:entem-</span> <span class='ocrx_word' id='word_1_256' title='bbox 265 4276 348 4320; x_wconf 80' lang='lat' dir='ltr'>codd:</span> <span class='ocrx_word' id='word_1_257' title='bbox 367 4281 483 4320; x_wconf 81' lang='lat' dir='ltr'>rarenter.</span> <span class='ocrx_word' id='word_1_258' title='bbox 544 4274 575 4319; x_wconf 82' lang='lat'>13.</span> <span class='ocrx_word' id='word_1_259' title='bbox 588 4275 677 4318; x_wconf 78' lang='lat' dir='ltr'>codd:</span> <span class='ocrx_word' id='word_1_260' title='bbox 692 4274 810 4333; x_wconf 71' lang='lat' dir='ltr'>digereret.</span> <span class='ocrx_word' id='word_1_261' title='bbox 866 4277 899 4319; x_wconf 74' lang='lat'>18.</span> <span class='ocrx_word' id='word_1_262' title='bbox 919 4273 995 4318; x_wconf 88' lang='lat' dir='ltr'>Codd.</span> <span class='ocrx_word' id='word_1_263' title='bbox 1017 4274 1041 4317; x_wconf 91' lang='lat' dir='ltr'>in</span> <span class='ocrx_word' id='word_1_264' title='bbox 1062 4284 1134 4328; x_wconf 76' lang='lat' dir='ltr'>marg.</span> 
     </span>
     <span class='ocr_line' id='line_1_38' title="bbox 160 4345 475 4404; baseline -0.006 -14"><span class='ocrx_word' id='word_1_265' title='bbox 160 4348 224 4403; x_wconf 78' lang='lat' dir='ltr'>Papa</span> <span class='ocrx_word' id='word_1_266' title='bbox 232 4345 285 4404; x_wconf 80' lang='lat' dir='ltr'>suit</span> <span class='ocrx_word' id='word_1_267' title='bbox 298 4347 371 4402; x_wconf 81' lang='lat' dir='ltr'>virgo</span> <span class='ocrx_word' id='word_1_268' title='bbox 385 4345 475 4390; x_wconf 80' lang='lat' dir='ltr'>Maria.</span> 
     </span>
    </p>
   </div>
   <div class='ocr_carea' id='block_1_7' title="bbox 0 0 1517 5026">
    <p class='ocr_par' dir='ltr' id='par_1_10' title="bbox 0 0 1517 5026">
     <span class='ocr_line' id='line_1_39' title="bbox 0 0 1517 5026; baseline 0 0"><span class='ocrx_word' id='word_1_269' title='bbox 0 0 1517 5026; x_wconf 95' lang='lat' dir='ltr'> </span> 
     </span>
    </p>
   </div>
  </div>
 </body>
</html>
