3008 5026
690 431 860 481 Joflnuuls
878 430 1019 482 wreus
1224 410 1306 500 [ceo.
1320 426 1349 472 n.

363 587 520 669 operario
557 587 731 658 uirtutum,
769 589 835 651 olii
866 587 1062 670 prophecia,
1094 588 1158 650 alii
1188 590 1352 653 dr'scroeio

364 689 570 773 Spirituum,
585 693 650 754 olii
661 704 792 774 genera
806 693 1020 774 linguarum,
1033 693 1097 755 alii
1112 694 1351 776 interpretocio

188 808 267 852 which
282 808 311 851 he
363 813 572 860 sermonum.
594 795 642 859 Et
663 798 731 859 hec
746 815 877 859 novem
893 796 1036 860 videtur
1050 798 1252 879 Apostolus
1270 817 1352 862 con·

176 866 333 906 ‘numm'
365 910 558 982 sequenter
580 899 705 964 ordine
728 920 794 964 suo
809 900 846 964 in
863 901 1033 965 subiectis
1050 901 1122 964 suis
1139 902 1351 984 exprimere.

369 1003 556 1087 Quosdam,
582 1004 706 1089 inquit,
729 1005 824 1070 Deus
849 1008 967 1089 posuit
992 1009 1030 1070 in
1056 1008 1206 1083 ecclesia,
1232 1009 1379 1090 prim05

364 1113 544 1192 apostolos,
558 1113 705 1174 secundo
716 1111 913 1194 prophetas
922 1113 1025 1175 tercio
1041 1112 1202 1184 doctores,
1212 1113 1353 1176 demum

364 1215 514 1295 virtutes,
538 1215 656 1279 exinde
673 1217 820 1297 gracias
842 1217 1075 1296 curacionum,
1099 1218 1354 1299 opitulocioues,

361 1321 641 1402 gubernaciones,
661 1333 792 1403 genera
813 1321 1028 1403 linguarum,
1055 1323 1356 1404 interpretaciones

365 1443 574 1488 sermonum.
602 1423 682 1507 Que
704 1444 835 1488 novem
858 1425 1026 1488 videntur
1049 1425 1202 1508 aptanda
1223 1445 1356 1489 novem

179 1541 331 1597 1.nponus.
366 1527 554 1611 prioribus.
608 1531 778 1613 Apostoli
828 1539 945 1594 autem
995 1539 1079 1593 sunt
1121 1530 1225 1613 primi
1269 1540 1355 1614 post
1370 1553 1400 1588 lo

368 1632 555 1715 Christum,
586 1654 736 1718 quorum
759 1633 914 1698 officium
938 1643 995 1699 est
1016 1635 1280 1718 proeminenter
1302 1655 1355 1699 se·

369 1739 521 1801 cundum
554 1739 766 1822 sapienciam
808 1749 845 1803 et
875 1739 1081 1804 missionem
1109 1740 1236 1823 capitis
1258 1739 1356 1804 mini·

368 1851 491 1923 strare,
524 1852 705 1908 eteorum
729 1843 885 1908 officium
909 1854 1039 1926 gerunt
1066 1844 1237 1928 episcopi,
1265 1845 1357 1908 sicut

370 1946 497 2010 dicitur
519 1967 647 2031 papam
670 1967 798 2030 gerere
820 1948 937 2011 vicem
954 1948 1094 2016 Christi.
1117 1949 1194 2013 Nec
1210 1957 1358 2032 oportet

370 2054 588 2117 contendere
620 2052 713 2116 circa
736 2053 885 2135 gradum
909 2052 1158 2135 disposicionis
1185 2052 1400 2136 requisite15

370 2158 415 2220 ad
438 2176 518 2220 esse
542 2156 706 2239 apostoli,
738 2156 821 2240 quia
846 2165 981 2220 certum
1005 2166 1060 2220 est
1087 2158 1183 2240 quod
1206 2166 1262 2221 est
1284 2155 1357 2220 lati·

370 2262 457 2325 tudo
500 2260 796 2344 supereminentis
842 2260 1093 2344 disposicionis
1140 2263 1185 2325 ad
1229 2271 1358 2326 statum

371 2366 607 2449 apostolicum
644 2365 822 2450 requisita,
861 2385 931 2449 qua
969 2366 1159 2430 deficiente
1197 2386 1270 2430 non
1304 2374 1361 2428 est

372 2472 557 2554 apostolus
590 2472 666 2535 sive
700 2471 908 2554 episcopus;
941 2491 1008 2535 nec
1040 2471 1231 2555 requiritur
1263 2470 1361 2554 quod

373 2575 533 2641 Christus
548 2576 679 2641 viando
694 2577 811 2659 ipsum
829 2576 985 2658 elegerit,
1007 2586 1046 2640 ut
1060 2586 1161 2659 patet
1177 2578 1222 2640 de
1238 2576 1361 2658 Paulo,
1371 2595 1405 2632 ιο

372 2681 544 2765 Bernaba,
574 2683 681 2759 Luca,
719 2683 840 2746 Marco
879 2690 915 2745 et
947 2682 1108 2762 Matthia;
1145 2701 1212 2746 nec
1254 2683 1363 2746 obest

374 2788 469 2870 quod
505 2789 636 2851 habeat
668 2790 776 2851 multa
806 2786 932 2869 officia,
969 2806 1048 2850 cum
1078 2789 1082 2867 Ι
1111 2787 1243 2851 debeat
1280 2806 1362 2869 pro·
1393 2788 1432 2858 165

374 2891 542 2975 pinquius
585 2893 688 2976 sequi
726 2891 903 2956 Christum
946 2901 1184 2955 assumentem
1227 2910 1362 2955 summe

374 2995 625 3060 ministratorie
653 2996 809 3060 officium
833 3006 973 3079 septem
996 2997 1169 3071 ordinum,
1202 3005 1242 3060 ut
1264 3005 1364 3078 patet

374 3099 466 3164 libro
490 3100 544 3164 IV
567 3101 723 3184 capitulo
747 3100 846 3167 VIII.
871 3100 958 3163 Ideo
983 3100 1100 3163 officia
1123 3100 1208 3163 cleri
1231 3102 1407 3163 debent25

377 3223 458 3269 esse
474 3204 781 3288 supereminenter
802 3204 838 3268 in
854 3205 1027 3288 apostolis
1044 3213 1251 3287 aggregata,
1273 3203 1365 3268 sicut

376 3309 555 3392 sapiencia
578 3309 722 3372 excedit
744 3308 810 3372 alia
831 3311 935 3372 bona.

181 3431 203 3465 π.
219 3418 340 3474 stophen.
420 3412 462 3477 In
499 3415 658 3478 secundo
695 3413 808 3496 gradu
846 3422 1025 3495 ponuntur
1068 3413 1259 3495 prophete,
1304 3411 1366 3495 qui

378 3527 533 3602 possunt
559 3518 709 3602 intelligi
741 3518 936 3582 secundum
969 3517 1159 3581 scienciam
1187 3516 1365 3599 evangeli·

379 3633 499 3688 zantes
522 3623 736 3707 prophecias
760 3625 805 3686 de
828 3622 1000 3705 preterito
1024 3632 1061 3686 et
1082 3622 1217 3696 futur0;
1250 3621 1366 3704 predi·
1377 3630 1410 3683 30

380 3739 518 3793 catores
556 3729 699 3812 quidem
737 3730 873 3792 debent
908 3728 1035 3811 procul
1067 3726 1133 3790 fari
1163 3727 1272 3811 vulgo
1308 3729 1366 3790 ab·

380 3834 550 3917 scondita,
573 3843 611 3898 et
633 3835 828 3899 secundum
846 3832 1037 3897 scienciam
1054 3840 1178 3915 aptare
1195 3830 1368 3896 auditorio

435 4051 468 4093 ¹4·
482 4038 524 4083 AB
538 4039 561 4083 in
577 4052 663 4095 merga
678 4039 757 4084 Prima
772 4038 892 4084 ierarchia
897 4055 906 4089 ,·
921 4041 956 4082 A:
969 4040 1061 4094 primur
1069 4039 1169 4095 padus.
1183 4037 1303 4081 lerarchie
1312 4047 1369 4092 quo·

380 4109 450 4153 modo
463 4109 487 4152 in
501 4108 599 4153 ecclesia
612 4115 666 4153 suni
678 4110 762 4163 posite.
826 4121 863 4152 aa.
879 4107 968 4152 Codd.:
983 4108 1092 4152 habeant.
1154 4106 1191 4151 28.
1206 4109 1228 4150 Α
1242 4107 1265 4150 in
1281 4118 1368 4161 marga

381 4179 502 4222 secundus.

435 4288 458 4342 5.
478 4289 577 4340 Ibidem
597 4287 638 4339 28.
710 4288 751 4338 25.
776 4287 803 4336 ln
828 4286 896 4336 libro
916 4287 950 4336 lV
968 4287 1019 4352 (De
1038 4286 1114 4336 clvili
1133 4285 1257 4336 Dominio
1276 4284 1308 4349 Il)
1327 4283 1370 4335 hic

382 4379 455 4428 locus
475 4393 526 4428 non
545 4385 621 4428 extet.
