3008 5026
127 402 196 446 ene.
211 390 263 471 xl]
429 408 473 457 ol:
492 407 703 458 ΡοτΕετΑτΕ
723 409 820 458 Pleu.

129 562 232 624 cione
256 561 337 627 XL:
360 561 400 626 Si
420 583 526 644 papa,
554 573 590 628 et
615 563 848 628 distinccione
871 565 1054 630 LXXIX:
1079 564 1119 630 Si

127 666 204 744 qais
221 668 389 746 pecania;
420 677 457 730 et
480 667 579 731 aliter
602 668 720 731 forent
744 668 859 732 omnia
885 669 979 732 facta
1000 669 1036 733 in
1060 671 1118 733 de·

127 769 313 851 posicione
350 790 520 854 paparum
552 771 679 835 iniusta
714 782 752 836 et
789 793 855 855 per
892 792 1118 856 consequens

129 873 354 956 deponentes
392 876 511 939 forent
547 877 706 954 heretici,
752 877 844 941 sicut
889 886 926 942 et
966 878 1120 942 ecclesia

102 980 333 1060 tapprobans
366 979 442 1043 eius
471 980 737 1063 correpcionem
771 991 807 1044 et
835 1000 930 1064 pape
958 982 1044 1045 novi
1069 982 1118 1045 in·

128 1083 414 1149 tronizacionem.

172 1186 218 1249 Et
251 1197 420 1269 quantum
452 1190 496 1252 ad
529 1189 661 1252 dictum
695 1189 945 1273 episcoporum
975 1193 1116 1253 decor·
1182 1206 1288 1270 cuseos

129 1291 299 1373 repcione
331 1293 537 1370 Marcellini,
570 1293 697 1357 dicitur
729 1294 826 1377 quod
857 1295 962 1357 valde
996 1313 1119 1376 super·
1154 1259 1311 1307 unroeumun.

128 1393 236 1458 fluum
273 1396 368 1459 foret
406 1416 469 1460 eos
501 1398 616 1479 ipsum
647 1399 683 1460 in
714 1397 775 1461 tali
806 1418 890 1462 casu
929 1398 1119 1481 corripere,

87 1499 212 1580 roquia
233 1511 475 1583 perceperunt
503 1521 550 1564 ex
580 1502 656 1564 eius
685 1502 904 1566 contricione
933 1505 1032 1586 quod
1054 1502 1120 1565 fuit

129 1604 237 1684 plene
261 1614 449 1686 correptus
473 1626 494 1668 a
509 1606 673 1670 Domino,
696 1605 784 1668 Ideo
808 1607 910 1669 nimis
934 1605 1024 1669 levis
1049 1605 1119 1669 evi·

131 1706 256 1769 dencia
271 1706 366 1771 foret
382 1728 429 1770 ex
444 1708 514 1772 isto
535 1709 631 1772 facto
653 1710 868 1772 concludere
890 1710 988 1792 quod
1003 1711 1120 1774 nullus

130 1830 225 1893 papa
242 1811 352 1874 debet
366 1811 403 1875 in
417 1811 537 1895 aliquo
559 1832 643 1875 casu
666 1832 687 1875 a
709 1812 877 1876 fratribus
891 1812 1119 1895 reprehendi,

131 1923 170 1976 ut
202 1925 303 1997 patet
334 1935 381 1978 ex
418 1916 509 1979 libro
547 1915 643 1979 beati
675 1915 873 1979 Bernhardi
912 1917 955 1977 ad
993 1934 1120 1998 papam

89 2030 118 2080 15
131 2018 339 2101 Eugenium.
363 2019 461 2082 Mille
484 2029 600 2083 autem
618 2030 701 2084 sunt
723 2020 908 2084 blasfemie
933 2039 1012 2083 cum
1034 2039 1119 2083 non·

130 2124 226 2185 nulla
247 2123 523 2187 intronizacione
547 2144 642 2207 pape
666 2124 801 2188 cesarei
823 2124 1035 2187 introducte.

274 2421 597 2516 CAPITULUM
629 2421 974 2516 UNDECIMUM.

175 2612 306 2674 Contra
338 2611 434 2675 dicta
470 2611 629 2693 arguitur
666 2631 731 2694 per
767 2613 836 2675 hoc
880 2613 977 2695 quod
1019 2612 1120 2674 Deus
1158 2644 1177 2688 1,
1191 2645 1211 2687 „
1226 2656 1251 2688 ,Γ
1269 2645 1312 2688 ,04

128 2718 244 2796 posuit
265 2717 450 2797 quamlibet
472 2717 728 2780 universitatem
755 2736 857 2780 suam
886 2719 921 2780 in
944 2698 1200 2794 mansuram‘ss'd'ss
1214 2696 1340 2802 film'ffi,

88 2839 273 2891 20numera
297 2825 327 2883 et
344 2821 506 2901 pandere,
535 2829 574 2882 ut
597 2820 725 2884 dicitur
748 2819 900 2903 Sapiens
923 2820 991 2896 XI,
1015 2841 1052 2900 31
1086 2801 1340 2897 etilvss‘ssfss’ssfflflh

131 2942 197 3003 per
220 2942 446 3006 consequens
474 2933 620 3006 oportet
649 2943 730 2987 esse
759 2924 917 2987 ordinem
946 2924 981 2987 in
1005 2943 1122 2987 sacer·
1186 2914 1209 2949 ¹⁰
1226 2907 1292 2960 ΜΡ·

132 3027 241 3090 dotali
256 3035 438 3108 potestate
455 3037 673 3090 sacramenta
688 3036 726 3089 et
741 3027 1010 3091 sacramentalia
1024 3026 1121 3090 mini·

132 3129 274 3194 strandi.
320 3127 380 3193 Sic
419 3128 510 3192 enim
549 3129 584 3192 in
621 3131 705 3213 lege
738 3130 852 3193 veteri
893 3130 960 3193 fuit
996 3129 1123 3193 unicus

132 3254 288 3299 summus
311 3233 491 3311 sacerdos,
515 3233 572 3296 cui
597 3241 697 3297 erant
720 3234 982 3298 excellenciora
1005 3233 1123 3297 officia

88 3339 288 3414 25limitata,
311 3338 347 3400 in
371 3337 470 3400 cuius
494 3337 634 3420 signum
657 3339 759 3401 Deus
782 3338 959 3402 ordinavit
986 3337 1122 3401 unicam

133 3452 270 3505 vestem
295 3441 550 3504 sacerdotalem
574 3461 640 3524 pro
662 3442 798 3519 Aaron,
822 3455 861 3506 ut
884 3452 986 3525 patet
1007 3441 1123 3506 Exod.

132 3544 313 3620 XXVIII,
330 3567 364 3623 43
379 3546 473 3608 unde
490 3555 527 3608 et
545 3556 811 3627 consequenter
822 3546 965 3609 dicitur:
995 3547 1123 3609 Vestem

132 3656 248 3714 antem
279 3655 437 3713 sanctam
469 3669 537 3728 qua
569 3651 678 3712 utitur
708 3650 830 3714 Aaron
861 3652 1026 3714 habebunt
1047 3649 1123 3728 filii

132 3756 206 3818 eius
223 3759 302 3835 post
324 3773 412 3832 eum,
435 3759 472 3815 ut
494 3759 672 3835 ungantur
698 3756 735 3816 in
762 3774 803 3817 ea
830 3760 860 3817 et
887 3758 1124 3817 consecrantur

90 3876 260 3933 30manus
291 3876 420 3920 eorum.
458 3854 603 3921 Summo
637 3866 754 3920 autem
786 3857 965 3921 sacerdoti
994 3875 1123 3939 appro·
1183 3891 1187 3899 =

41 3991 104 4051 ²²7‘
133 3960 247 4043 priata
270 3970 353 4025 sunt
368 3964 477 4024 multa
496 3959 500 4042 Ι
522 3961 647 4037 officia,
672 3974 710 4025 ut
725 3971 827 4045 patet
842 3963 958 4024 Exod.
976 3960 1123 4038 XXIX,

188 4212 209 4252 2,
225 4198 247 4244 3.
263 4199 292 4242 B:
307 4201 331 4243 in
344 4201 472 4254 positione.
531 4212 562 4255 ¹7-
578 4204 612 4245 A:
630 4199 686 4256 Cap.
702 4200 734 4243 XI
746 4202 820 4244 deest.
877 4199 914 4246 23.
929 4201 983 4251 δία·
999 4201 1027 4244 u:
1041 4201 1070 4243 ri.

191 4340 209 4372 1.
230 4325 294 4375 Dist.
313 4325 366 4386 XL,
387 4340 442 4390 cup.
456 4325 490 4375 Vl
510 4336 536 4377 et
555 4327 613 4378 dist.
635 4326 747 4395 lxxix,
767 4341 823 4391 cap.
844 4326 885 4378 lx.
