3008 5026
463 428 508 478 DE
527 424 739 479 POTESTATE
759 423 857 477 ΡΑΡΕ.

169 586 257 648 citer
303 586 399 666 quod
444 604 516 647 non
560 592 709 668 propter
753 583 1004 665 capitalitatem
1041 582 1160 644 Rome

169 698 313 771 oportet
335 690 549 772 generaliter
579 690 655 752 eius
679 689 890 771 episcopum
914 707 994 751 esse
1021 706 1159 770 papam.

168 793 296 855 Tercio
320 796 450 875 probat
472 793 659 876 tripliciter
691 794 788 876 quod
811 813 882 856 non
915 801 1065 874 propter
1088 811 1159 853 mu·

168 906 265 960 tuum
298 897 460 961 iuvamen
495 898 580 960 cleri
615 906 652 960 et
683 896 810 960 milicie
848 906 995 978 oportet
1032 914 1160 977 papam

145 1013 248 1063 :resse
273 1021 350 1063 cum
377 1021 509 1083 cesare,
539 1010 576 1064 et
599 1001 780 1064 convincit
802 1000 932 1082 triplici
953 999 1159 1063 testimonio

168 1106 398 1187 mendacium,
414 1106 555 1190 fingens
571 1108 666 1188 quod
685 1125 756 1168 non
773 1124 792 1167 a
808 1124 929 1167 cesare
941 1105 1006 1166 sed
1017 1102 1159 1167 Christo

168 1211 226 1271 vel
244 1209 352 1274 Petro
377 1210 528 1273 ecclesia
552 1217 608 1273 est
630 1211 758 1273 dotata.
785 1207 920 1291 Quarto
945 1211 1078 1290 probat
1100 1207 1159 1270 tri·

168 1316 318 1397 pliciter,
343 1316 440 1396 quod
456 1334 528 1377 non
553 1334 599 1376 ex
614 1314 686 1376 loci
707 1313 895 1376 sanctitate
920 1322 1066 1394 oportet
1080 1311 1158 1375 Ro·

168 1440 304 1483 manum
343 1418 550 1501 pontificem
590 1437 672 1481 esse
709 1437 845 1500 papam.
892 1416 1025 1498 Quinto
1067 1416 1160 1479 tollit

129 1548 157 1579 ιο
167 1524 353 1607 tripliciter
369 1524 563 1586 secundum
579 1522 706 1600 fucum,
727 1541 798 1605 quo
819 1521 966 1604 fingitur
982 1522 1079 1602 quod
1095 1540 1160 1602 per

166 1628 429 1692 institucionem
453 1627 552 1690 Petri
580 1625 745 1690 Clemens
778 1634 814 1688 et
846 1626 1059 1708 generaliter
1083 1625 1158 1688 Ro·

167 1734 257 1795 mani
280 1732 469 1815 pontifices
492 1731 611 1795 forent
632 1751 738 1814 pape.
764 1729 878 1794 Sexto
893 1731 1029 1794 tollitur
1051 1729 1159 1812 tripli·

168 1837 256 1899 citer
279 1837 389 1900 tercia
411 1836 550 1913 ficticia,
579 1855 648 1918 qua
671 1835 816 1920 fingitur
845 1837 940 1917 quod
975 1834 1159 1898 eleccione

166 1941 315 2003 humana
326 1948 473 2022 oportet
484 1939 686 2002 Romanum
702 1938 906 2021 pontificem
924 1958 1004 2001 esso
1021 1957 1158 2020 papam.

128 2044 328 2127 &Septimo
357 2053 473 2107 narrat
505 2064 552 2106 ex
580 2043 730 2107 cronicis
759 2044 938 2126 quomodo
974 2044 1101 2128 regula
1123 2053 1160 2108 et

167 2150 431 2232 preeminencia
453 2168 547 2231 pape
570 2148 813 2231 originabatur
837 2169 857 2212 a
881 2167 1001 2212 cesare
1027 2156 1063 2210 et
1077 2147 1158 2210 irre·

167 2255 294 2339 ligiose
326 2274 366 2317 ac
398 2253 643 2317 fraudulenter
671 2253 943 2317 continuabatur
970 2273 989 2315 a
1015 2250 1159 2315 brachio

168 2359 328 2422 seculari.
366 2356 507 2421 Octavo
538 2367 656 2421 narrat
692 2367 766 2421 tres
805 2357 1034 2422 condiciones
1058 2355 1157 2420 Anti·

168 2462 290 2526 christi
323 2482 370 2525 ex
407 2461 610 2526 testimonio
642 2462 845 2545 Augustini.
892 2462 995 2524 Nono
1042 2470 1158 2525 narrat

125 2589 157 2622 20
168 2569 348 2648 quomodo
373 2577 445 2630 tres
469 2586 563 2649 pape
581 2567 693 2631 occisi
708 2575 791 2630 sunt
807 2587 826 2629 a
842 2567 957 2630 beatis
975 2575 1011 2629 et
1027 2565 1159 2629 tercius

167 2681 300 2754 papatu
339 2672 505 2754 deposito
544 2672 703 2755 gloriose
739 2671 912 2734 occiditur
943 2692 964 2734 a
994 2679 1158 2753 tyranno.

166 2776 317 2839 Decimo
341 2777 512 2840 narrando
538 2776 696 2858 pericula
711 2774 867 2839 Romani
894 2775 1074 2859 pontificis
1098 2793 1158 2837 ex·

167 2880 268 2962 ponit
292 2883 472 2963 quomodo
497 2882 668 2944 debemus
691 2889 833 2962 tempus
855 2880 1041 2944 redimere.

211 2983 411 3066 Capitulum
427 3004 558 3047 nonum
575 2986 730 3047 declarat
754 2982 868 3066 primo
892 2984 1073 3066 quomodo
1092 2983 1159 3047 erit

125 3095 155 3146 25
167 3089 371 3152 necessario
388 3110 479 3152 unus
495 3109 598 3172 papa,
623 3100 660 3154 et
676 3092 831 3153 declarat
850 3088 1047 3172 tripliciter,
1071 3109 1156 3172 quo·

167 3193 273 3255 modo
304 3193 394 3257 ritus
421 3192 577 3277 eligendi
605 3214 732 3276 papam
763 3212 908 3256 cesaree
932 3193 1157 3258 introductus

167 3306 223 3360 est
237 3296 387 3362 nocivus
403 3298 571 3362 ecclesie:
593 3299 708 3380 primo
725 3298 868 3362 racione
891 3299 1025 3362 novelli
1048 3307 1086 3362 et
1107 3297 1156 3361 in·

166 3400 356 3465 fundabilis
389 3412 489 3466 cetus
524 3403 759 3478 cardinalium,
800 3405 960 3467 secundo
992 3424 1058 3487 per
1088 3405 1157 3466 hoc

166 3506 263 3586 quod
295 3525 367 3569 non
394 3507 480 3570 licet
506 3510 678 3571 recedere
706 3529 725 3571 a
749 3509 818 3572 ritu
858 3529 962 3591 quem
997 3507 1156 3572 Christus

124 3618 156 3668 30
165 3609 326 3687 instituit,
348 3611 384 3673 in
409 3632 479 3693 quo
497 3613 652 3675 declarat
680 3612 928 3695 sextupliciter
950 3613 1048 3696 quod
1063 3611 1157 3675 idem

167 3722 223 3776 est
246 3713 440 3798 episcopus
457 3725 495 3778 et
510 3718 689 3797 sacerdos,
714 3726 751 3780 et
766 3716 877 3781 tercio
894 3738 958 3799 per
972 3719 1042 3780 hoc
1059 3717 1156 3799 quod

166 3818 356 3882 occasione
380 3820 571 3884 eleccionis
597 3821 752 3885 officium
775 3821 982 3904 predicandi
1006 3841 1155 3904 suspen·

166 3922 269 4000 ditur,
300 3921 336 3986 in
368 3943 440 4006 quo
468 3925 641 3988 narrando
670 3927 715 3989 de
743 3926 938 4009 quantitate
965 3925 1156 4008 potestatis

167 4027 329 4111 episcopi
345 4029 501 4093 declarat
516 4029 631 4112 primo
648 4050 752 4113 quam
771 4050 899 4093 vanum
916 4039 973 4094 est
981 4050 1156 4114 pompare

124 4135 154 4187 35
167 4132 210 4193 de
242 4131 503 4213 preeminencia
530 4135 730 4198 huiusmodi
761 4135 962 4218 potestatis,
995 4135 1156 4198 secundo

221 4383 254 4417 12.
271 4372 358 4417 Codd.:
375 4374 442 4418 toltit.

997 4447 1051 4498 ²6*
