3008 5026
128 363 196 407 CAP-
216 350 279 429 xil]
427 364 471 415 DE
491 361 702 414 POTESTATE
722 362 819 411 ΡΛΡΕ.
1272 373 1334 431 319

129 531 240 586 strum
277 520 473 604 simplicem
501 519 743 595 christianum
777 537 856 580 nam
887 516 987 579 iuxta
1024 516 1118 580 dicta
1160 540 1205 581 ana
1219 538 1305 601 simple

129 625 209 689 talis
233 644 399 687 cesareus
432 623 593 688 innititur
624 622 821 706 privilegiis
848 621 1008 685 humanis
1031 630 1117 684 tam·
1167 593 1295 689 illidii}

130 750 232 812 quam
264 728 446 812 principiis
478 749 545 811 per
577 747 616 791 se
649 727 947 791 constituentibus
975 746 1117 790 servum

129 836 243 898 talem.
280 833 444 897 Minister
476 842 592 897 autem
624 852 716 914 pure
749 831 958 895 christianus
995 831 1119 894 irridet

105 940 196 1002 §hec
219 938 407 1022 privilegia
429 948 469 1002 ut
491 937 670 1021 superflua
691 938 750 1000 vel
774 937 909 1000 nociva.
946 936 992 999 Et
1018 944 1120 1018 patet

130 1043 242 1106 tercio
281 1043 445 1106 defectus
483 1043 636 1126 argucie,
679 1044 820 1126 quando
860 1041 910 1104 sic
943 1041 1117 1123 arguitur:

131 1147 322 1212 Ordinacio
355 1169 450 1232 pape
481 1148 683 1211 immediate
714 1146 892 1230 processit
924 1144 1118 1222 aChristo,

130 1262 170 1316 ut
192 1263 293 1337 patet
316 1254 360 1316 de
383 1254 504 1331 Petro,
532 1252 642 1335 igitur
664 1251 843 1315 ordinacio
864 1270 959 1333 pape
983 1249 1120 1313 cesarei

131 1357 183 1421 sic
206 1357 385 1440 processit
407 1378 454 1420 ex
477 1357 705 1421 ordinacione
729 1355 866 1420 Christi.
898 1356 969 1418 Per
990 1373 1120 1438 papam

89 1490 121 1522 ιο
130 1463 275 1526 Petrum
291 1471 327 1525 et
339 1482 424 1526 suos
435 1462 554 1525 socios
567 1462 746 1525 adiutores
755 1462 949 1543 regebatur
959 1458 1119 1540 ecclesia,

132 1587 220 1650 ergo
236 1588 302 1650 per
317 1567 411 1636 idem
428 1587 475 1630 ex
492 1566 720 1630 ordinacione
738 1564 960 1629 Constantini
976 1572 1122 1647 oportet

132 1670 230 1754 quod
267 1691 335 1755 per
365 1672 496 1756 gradus
527 1671 746 1754 prelatorum
779 1689 944 1733 cesareos
975 1678 1120 1751 regatur

133 1776 297 1853 ecclesia;
323 1775 482 1840 Christus
505 1775 651 1838 indubie
674 1775 809 1838 docens
832 1773 957 1839 Matth.
981 1772 1061 1836 XX
1084 1780 1121 1836 et

131 1881 228 1944 Luce
251 1880 366 1944 XXII
389 1880 631 1958 maioritatem,
655 1900 759 1962 quam
783 1879 838 1942 sui
858 1881 994 1942 debent
1010 1888 1120 1942 atten-

90 1986 228 2064 15dere,
260 1995 369 2067 negat
399 1986 500 2049 istam
534 1985 721 2068 arguciam.
767 1982 806 2049 Si
828 1984 937 2069 igitur
960 1983 1121 2046 Christus

131 2110 197 2173 per
235 2111 273 2154 se
312 2089 496 2153 constituit
534 2089 757 2172 capitaneum
794 2089 907 2152 tocius
943 2086 1121 2151 militantis
1144 2105 1240 2150 uenter
1255 2106 1321 2151 Peter

133 2194 296 2273 ecclesie,
319 2215 387 2258 nec
409 2195 540 2258 Petrus
563 2196 622 2256 vel
646 2194 733 2257 alius
756 2195 942 2276 apostolus
966 2159 1337 2266 audebatl‘p‘lrlliciil'li

132 2300 238 2362 talem
262 2299 483 2383 capitaneum
501 2299 719 2362 constituere
735 2300 794 2361 vel
815 2317 855 2361 se
871 2298 988 2380 ipsum
1003 2295 1120 2358 huius·
1130 2263 1337 2360 rll‘illiiliil

133 2403 229 2467 modi
251 2403 452 2482 vendicare,
485 2405 550 2467 sed
574 2403 837 2466 constituerunt
858 2422 925 2484 per
946 2403 1026 2463 loca
1050 2399 1120 2482 epi·
1146 2377 1329 2476 sigiliis„

89 2528 277 2591 noscopos,
309 2518 439 2592 quanta
461 2509 660 2591 irreligiosa
682 2507 910 2591 presumpcio
937 2506 974 2569 in
998 2524 1121 2568 cesare
1131 2474 1338 2585 ⁰fri¹ii³p¹iiiii⁰f

133 2622 299 2692 statuere,
332 2616 429 2697 quod
453 2613 670 2697 generaliter
696 2633 781 2676 suus
806 2612 999 2695 episcopus
1026 2610 1122 2673 foret
1145 2581 1326 2685 ”ididiam

134 2727 240 2801 caput
256 2719 370 2782 tocius
386 2719 535 2782 ecclesie
551 2726 610 2781 aut
625 2719 722 2801 quod
736 2717 966 2780 maioritatem
982 2715 1121 2779 civilem

134 2825 201 2886 sub
224 2823 333 2907 pallio
357 2823 537 2908 privilegii
569 2833 692 2886 contra
723 2823 907 2885 decretum
931 2819 1062 2884 Christi
1084 2820 1120 2883 in

135 2928 321 2991 ecclesiam
336 2948 434 2991 suam
450 2928 655 2991 induceret?
679 2925 869 2990 Ordinacio
887 2934 1004 2989 autem
1023 2925 1122 3008 regis

90 3035 242 3116 25longe
280 3043 362 3097 ante
399 3035 466 3096 hec
500 3042 663 3116 tempora
693 3032 874 3115 processit
906 3052 925 3094 a
952 3032 1045 3109 Deo,
1083 3039 1123 3093 ut

40 3143 106 3210 240‘¹
134 3147 235 3221 patet
263 3137 297 3201 II
324 3140 381 3202 De
406 3138 557 3203 Ciuitate
578 3139 582 3222 Ι
604 3138 673 3201 Dei
699 3137 784 3216 XII,
817 3137 868 3200 sic
901 3137 1008 3220 quod,
1038 3136 1124 3199 licet

136 3241 296 3306 Christus
327 3253 490 3326 tempore
522 3244 613 3325 legis
645 3243 780 3306 veteris
813 3242 1026 3325 approbavit
1061 3241 1123 3303 do·

134 3347 276 3411 minium
301 3349 459 3412 seculare
482 3348 663 3427 divinitus,
688 3358 723 3411 et
743 3357 905 3430 tempore
920 3346 1013 3429 legis
1028 3365 1123 3408 nove

136 3453 350 3535 approbavit
380 3453 621 3537 multipliciter
646 3453 907 3535 imperatorem,
938 3470 1062 3533 regem
1087 3458 1125 3512 et

93 3567 126 3616 30
137 3557 317 3622 dominum
355 3560 550 3623 secularem
587 3558 797 3637 humanitus,
839 3567 957 3621 tamen
994 3557 1124 3618 nedum

136 3663 230 3746 layci
261 3666 326 3728 sed
353 3664 580 3748 professores
608 3664 785 3747 scripture
807 3662 1011 3726 verecunde
1038 3680 1123 3744 pro-

138 3770 297 3847 clamant,
330 3772 470 3853 quando
495 3769 665 3833 deficiunt
688 3776 905 3852 argumenta,
938 3767 1035 3850 quod
1058 3786 1125 3848 per

135 3871 229 3936 idem
245 3875 304 3936 vel
319 3873 451 3937 sorcius
468 3874 641 3938 deficeret
655 3873 691 3936 in
707 3872 859 3936 ecclesia
874 3872 1124 3954 quodcumque

137 3976 327 4041 dominium
351 3979 519 4042 seculare.

192 4333 222 4378 17.
239 4336 295 4376 ηοω·
309 4325 338 4368 B:
354 4329 383 4367 el.
438 4323 476 4369 30.
491 4326 588 4376 nedum
603 4324 631 4369 B:
647 4326 788 4382 negandum.
