3008 5026
161 424 232 470 cir.
247 414 311 497 vu]
462 431 507 482 on
525 431 737 485 potestne
756 434 855 485 Pars.

162 586 326 650 munibus
365 589 583 653 convincunt
625 589 843 673 illegitimam
881 590 1151 673 correpcionem

161 693 222 754 vel
264 692 476 767 scandalum,
521 702 763 757 verumtamen
806 694 924 758 sciens
964 703 1152 777 peccatum

161 806 483 879 quantumcumque
512 798 572 860 alti
593 799 769 882 prepositi
806 819 886 862 esse
914 799 1091 862 notorium
1115 806 1152 860 et

159 899 400 983 periculosum
428 901 591 982 ecclesie,
625 904 737 966 debet
764 922 811 965 ex
837 903 981 966 fervore
1005 901 1151 986 spiritus

135 1007 389 1087 §peccatorem
436 1025 542 1088 quem
580 1006 692 1071 credit
731 1008 870 1071 aliunde
909 1028 982 1071 non
1020 1007 1151 1092 corrigi

158 1109 303 1191 publice
325 1129 475 1193 arguere
498 1130 577 1174 cum
603 1111 780 1195 Johanne,
807 1122 847 1175 ut
873 1122 973 1195 patet
995 1112 1081 1178 Mar.
1097 1111 1149 1176 VI

159 1214 205 1276 de
237 1214 400 1291 Herode;
455 1224 601 1299 oportet
652 1225 770 1280 tamen
806 1218 842 1279 in
884 1217 1015 1281 talibus
1053 1220 1149 1300 quod

157 1319 264 1381 homo
297 1339 319 1381 a
349 1339 389 1383 se
420 1319 502 1401 ipso
536 1320 803 1403 correpcionem
829 1321 977 1404 incipiat
1004 1331 1041 1385 et
1060 1341 1150 1404 pura

157 1422 360 1487 intencione
392 1426 568 1507 procedat
600 1435 636 1488 et
670 1425 861 1509 utrobique
899 1425 1020 1490 sensui
1056 1424 1148 1508 legis

119 1545 148 1580 ¹0
156 1527 302 1592 Domini
322 1526 500 1611 innitatur,
539 1549 606 1611 pro
639 1529 738 1593 cuius
771 1530 1005 1614 exposicione
1032 1532 1149 1594 nullus

156 1631 312 1695 fidelium
336 1631 547 1712 offendetur,
569 1642 610 1696 ut
630 1643 732 1716 patet
754 1635 800 1698 de
822 1634 944 1699 Paulo.

324 1896 647 1994 CAPITULUM
678 1898 978 1995 SEPTIMUM.

200 2102 275 2168 Sed
290 2104 438 2168 ulterius
454 2105 765 2168 transcurrendum
782 2114 838 2169 est
853 2126 920 2188 per
937 2115 1145 2188 argumenta
1247 2133 1258 2163 ε

156 2218 261 2293 capta
292 2229 340 2272 ex
370 2210 442 2272 fide
474 2209 661 2294 evangelii.
696 2218 736 2273 ut
768 2209 899 2274 sciatur
931 2230 1035 2294 quam
1067 2230 1145 2274 sen-

114 2313 306 2378 15tenciam
333 2322 520 2397 reportant
545 2313 581 2377 in
609 2314 852 2378 testimonium
880 2314 1048 2379 veritatis.
1088 2316 1145 2379 Ex

80 2445 127 2507 94·
153 2418 267 2501 primo
292 2419 297 2500 Ι
320 2417 441 2500 itaque
478 2427 687 2501 argumento
727 2428 832 2502 capto
871 2439 891 2482 a
929 2419 1145 2483 diffinicione

154 2523 283 2587 Christi
309 2523 406 2586 Luce
430 2521 545 2585 XXII
573 2522 722 2606 elicitur,
755 2526 853 2607 quod
884 2524 1145 2606 preeminencie

153 2628 252 2693 Petri
283 2628 318 2691 in
351 2627 438 2690 alios
471 2646 543 2690 non
567 2635 638 2691 stat
659 2627 695 2691 in
717 2629 864 2708 honore,
896 2627 932 2691 in
963 2629 1145 2693 dominatu

152 2736 211 2798 vel
233 2732 346 2817 gloria
362 2731 513 2795 seculari
529 2733 594 2796 sed
612 2732 648 2795 in
666 2732 808 2796 omnino
826 2732 1013 2816 oppositis.
1037 2733 1144 2798 Patet

109 2856 143 2892 20
151 2837 262 2921 primo
293 2857 340 2900 ex
371 2837 440 2899 hoc
473 2838 570 2919 quod
602 2846 672 2901 stat
701 2836 738 2902 in
764 2837 849 2901 fidei
876 2837 1083 2901 sinceritate
1107 2845 1144 2901 et

152 2941 345 3006 humilitate
369 2940 463 3005 etin
486 2941 670 3023 servitute,
693 2950 733 3005 ut
755 2950 856 3025 patet
879 2962 926 3005 ex
950 2941 1062 3008 dictis.

195 3046 365 3113 Similiter
389 3047 561 3131 primatus
588 3046 687 3110 Petri
715 3055 785 3111 stat
815 3046 851 3110 in
879 3045 1142 3130 preeminencie

151 3152 324 3236 sequendi
348 3151 525 3217 Christum
556 3153 592 3216 in
623 3150 796 3234 moribus;
830 3151 991 3216 Christus
1025 3160 1141 3215 autem

151 3257 266 3321 omnia
296 3257 458 3342 predicta
485 3258 609 3322 abnuit
632 3271 669 3322 et
692 3256 923 3321 condiciones
953 3257 1141 3340 oppositas

108 3363 360 3444 aiacceptavit.

194 3463 372 3550 Similiter,
387 3467 484 3530 Luce
495 3465 621 3549 XXII,
636 3471 675 3528 26
693 3465 744 3528 sic
754 3466 926 3550 loquitur:
948 3464 1014 3547 Qui
1024 3467 1140 3529 maior

149 3576 197 3634 est
211 3578 373 3651 vestrum,
387 3572 459 3652 fiat
473 3578 510 3635 ut
525 3573 650 3637 minor.
675 3569 824 3634 Constat
846 3579 962 3634 autem
986 3590 1032 3632 ex
1057 3571 1139 3633 doc-

148 3674 239 3739 trina
269 3675 382 3759 prima
413 3675 512 3740 Petri
538 3676 574 3739 II
607 3675 705 3759 quod
736 3674 885 3737 maiores
916 3673 953 3737 in
986 3673 1139 3738 ecclesia

149 3779 283 3843 debent
299 3799 379 3844 esse
395 3781 495 3864 quasi
510 3782 615 3844 modo
632 3779 745 3863 geniti
760 3779 922 3860 infanteS,
945 3778 1006 3861 qui
1025 3779 1138 3862 magis

104 3891 138 3942 30
148 3883 288 3947 alienati
319 3893 402 3948 sunt
434 3886 478 3947 ab
509 3886 657 3965 honore,
691 3905 710 3947 a
737 3883 920 3947 dominatu
941 3885 1000 3946 vel
1024 3884 1138 3967 gloria

148 3988 310 4060 seculari;
354 3990 466 4055 debet
508 3998 624 4053 autem
665 3989 795 4072 primas
836 3997 923 4072 post
960 3987 1136 4053 Christum

148 4112 229 4159 esse
252 4093 374 4177 minor,
398 4095 442 4157 ad
464 4094 691 4160 serviendum
712 4092 915 4176 flexibilior,
943 4101 984 4157 ut
1011 4092 1138 4159 dicitur

201 4312 233 4344 ιο.
250 4301 382 4355 prorutus.
402 4299 491 4345 eada:
510 4299 613 4355 proclus.
683 4311 720 4346 22.
736 4302 757 4345 Α
776 4300 799 4344 in
816 4312 904 4356 marga
923 4310 943 4344 π.
1013 4299 1050 4344 26.
1069 4300 1092 4343 A
1112 4299 1134 4342 in

147 4380 234 4426 marga
247 4381 274 4424 3.
329 4381 366 4427 ²9·
382 4369 411 4415 B:
427 4370 530 4427 infantes
543 4370 586 4425 qui
597 4370 675 4426 magu
689 4370 760 4414 deest.

1195 2223 1308 2282 primncy.

1191 3058 1315 3117 flumimy.
