3008 5026
187 435 225 480 10
726 432 897 483 sosimus
914 431 1055 482 wreus
1273 411 1354 500 [cue.
1369 427 1388 471 1.

195 620 332 674 obtectione
347 628 372 664 ω
442 590 647 653 Redeundo
680 588 790 669 igitur
812 589 857 651 ad
879 587 1146 670 descripciones
1168 596 1388 671 potestatum

225 675 345 786 “iffisssslsg
398 694 589 777 predictas,
622 692 764 757 videtur
796 695 894 774 quod
917 693 1061 775 capiunt
1085 694 1211 756 multas
1235 693 1389 775 calump-

183 778 384 891 1i3⁰31⁰ff¹222¹¹3ffi
400 798 484 881 nias,
507 797 622 881 primo
646 798 728 880 quia
752 797 867 860 eidem
890 817 1045 879 persone
1067 796 1188 860 insunt
1207 798 1309 860 ambe
1325 816 1388 879 po·

181 881 549 1030 &Jeris'ssfffi‘if‘g'testates
572 901 684 984 simul,
712 921 783 983 que
805 920 959 984 persona
979 901 983 986 Ι
1004 900 1069 964 fuit
1092 902 1194 983 layca
1215 901 1251 963 in
1274 900 1390 964 veteri
1422 915 1480 968 163⁶

202 986 368 1084 ἕοῗξῖὧῗιζξ·
400 1016 626 1080 testamento,
649 1015 688 1069 ut
708 1014 808 1088 patet
824 1007 869 1068 de
885 1026 973 1088 rege
990 1005 1107 1070 Salem
1122 1005 1414 1075 Melchisedech5

218 1091 351 1199 ρζᾞὲῗὸξ,
401 1110 529 1176 Genes
545 1111 647 1190 XIV,
671 1113 716 1172 de
733 1112 860 1194 Moyse
877 1119 913 1173 et
936 1111 1012 1174 aliis
1034 1110 1209 1174 iudicibus
1233 1109 1294 1192 qui
1316 1130 1388 1174 non

184 1195 500 1302 3.aii‘i¹}il’r„g,‚erant
524 1217 731 1279 sacerdotes
754 1214 897 1294 levitici,
919 1214 956 1278 in
980 1224 1114 1278 tantum
1134 1216 1232 1297 quod
1247 1214 1390 1277 videtur

181 1301 389 1414 belossigns‘ssoiihem
399 1321 517 1383 multis
539 1320 640 1402 ipsos
662 1319 773 1382 fuisse
795 1321 988 1402 populares
1003 1320 1061 1382 vel
1081 1319 1199 1384 laicos.
1223 1319 1389 1384 Secundo

214 1413 357 1501 ¹⁰v¹1¹¹sffi⁶eff⁵‘
400 1425 482 1507 quia
512 1425 548 1487 in
581 1443 676 1486 novo
710 1432 926 1487 testamento
965 1423 1107 1487 videtur
1136 1424 1255 1488 multis
1292 1425 1390 1506 quod

401 1528 519 1592 clerici
540 1529 694 1591 habeant
718 1528 820 1591 simul
843 1536 1029 1610 utramque
1052 1537 1281 1611 potestatem,
1310 1549 1389 1592 cunr
1405 1558 1433 1592 ιο

398 1635 533 1695 habent
555 1633 750 1695 secularem
774 1632 1065 1714 dominacionem,
1089 1641 1127 1695 ut
1149 1633 1304 1716 fingitur.
1343 1634 1390 1696 Et

399 1736 512 1800 tercio
537 1735 619 1818 quia
640 1756 748 1819 reges
771 1737 987 1819 temporales
1013 1737 1147 1800 habent
1172 1737 1389 1820 spiritualem

400 1842 444 1905 ad
457 1841 712 1905 destruendum
728 1840 821 1903 vicia
833 1850 870 1904 et
882 1842 1109 1922 plantandum
1131 1861 1172 1904 ac
1189 1844 1390 1926 augendum

399 1946 549 2010 virtutes
565 1946 600 2008 in
617 1965 657 2008 se
674 1946 761 2008 etin
778 1945 862 2026 aliis,
883 1951 1040 2026 quotquot
1055 1952 1170 2010 atatem
1190 1953 1390 2027 receperunt

402 2050 575 2117 Christum
595 2069 661 2133 per
681 2051 806 2130 fidem,
838 2052 930 2114 dedit
952 2052 1001 2114 eis
1020 2056 1221 2131 potestatem
1244 2050 1389 2114 racione
1403 2063 1431 2114 15

399 2155 582 2219 filiacionis
625 2154 827 2237 spiritualis,
874 2156 919 2218 ad
959 2154 1237 2237 impendendum
1279 2174 1390 2238 opera

400 2260 596 2345 spiritualia
617 2259 857 2323 misericordie
881 2280 952 2342 que
981 2258 1126 2323 indubie
1150 2268 1205 2323 est
1228 2269 1390 2342 potestas

401 2365 602 2449 spiritualis
627 2363 710 2446 quia
731 2373 892 2446 potestas
909 2365 990 2427 data
1005 2363 1173 2427 divinitus
1188 2364 1390 2427 immediate

401 2470 568 2534 advitam
592 2469 811 2552 spiritualem
833 2469 1050 2553 gignendam
1066 2479 1102 2532 et
1118 2470 1288 2534 alendam.
1312 2469 1389 2532 Nec

400 2584 523 2658 potest
546 2573 754 2637 christianus
778 2573 855 2636 sine
878 2575 944 2637 hac
966 2582 1149 2657 potestate
1169 2574 1389 2637 sanctificare
1400 2600 1432 2634 20

401 2680 601 2751 sabbatum;
637 2698 741 2760 quam
773 2687 989 2761 potestatem
1022 2677 1160 2742 auferre
1185 2699 1205 2741 a
1228 2678 1390 2761 quolibet

403 2782 601 2848 Christiano
634 2782 728 2845 foret
752 2782 997 2846 contradicere
1020 2783 1094 2867 legi
1115 2782 1195 2864 Dei,
1229 2792 1267 2845 ut
1289 2791 1390 2865 patet

402 2889 516 2952 Exod.
554 2886 641 2952 XX.
688 2884 812 2949 Omnis
845 2887 937 2950 enim
976 2896 1139 2969 potestas
1177 2907 1247 2970 qua
1282 2888 1389 2949 homo

403 2991 612 3056 sanctificiat
636 3010 676 3053 se
691 2992 751 3053 vel
767 3001 907 3074 tempus
924 3000 979 3054 est
1002 3001 1164 3074 potestas
1188 2991 1391 3074 spiritualis.

184 3109 297 3170 spiritual
312 3121 392 3164 power
446 3095 492 3160 Et
514 3104 615 3179 patet
647 3095 872 3178 impugnacio
897 3096 1154 3179 descripcionis
1178 3095 1433 3179 supradictert

198 3174 218 3204 ts
232 3173 245 3203 n
258 3172 341 3258 power
355 3161 382 3204 ot

205 3213 340 3309 thedisspgita
346 3219 370 3255 10
403 3203 491 3265 Ideo
507 3209 545 3262 ut
568 3199 767 3281 descripcio
785 3199 956 3263 dictarum
971 3208 1191 3282 potestatum
1206 3200 1251 3263 sit
1266 3201 1393 3264 nocior

237 3317 341 3413 3332
405 3315 440 3368 et
466 3304 617 3367 ecclesie
650 3314 921 3384 consentaneor‚
952 3314 1072 3386 potest
1104 3305 1173 3368 dici
1205 3307 1303 3388 quod
1329 3326 1392 3388 po·

206 3421 369 3528 atflceorgoitpsggp
406 3419 516 3472 testas
558 3407 749 3491 spiritualis
781 3417 837 3471 est
867 3417 1030 3491 potestas
1069 3409 1212 3492 spiritus
1250 3429 1316 3491 per
1353 3429 1393 3472 se

251 3538 327 3582 grace.
404 3512 606 3575 immediate
634 3512 805 3594 ordinata,
844 3522 884 3576 ut
922 3522 1082 3577 creatura
1118 3514 1303 3577 racionalis
1342 3533 1393 3577 se·

405 3618 557 3679 cundum
580 3619 675 3680 bona
697 3618 817 3700 gracie
834 3618 1014 3701 dirigatur,
1038 3628 1073 3682 et
1090 3619 1140 3682 sic
1155 3618 1438 3682 individuaturto

403 3729 473 3783 tam
497 3741 517 3783 a
539 3721 703 3784 subiecto
728 3742 832 3804 quam
856 3722 1010 3786 obiecto.
1049 3723 1114 3786 Est
1142 3732 1259 3785 autem
1282 3722 1395 3787 omnis

402 3827 510 3890 homo
526 3825 682 3909 spiritus,
700 3847 778 3890 cum
795 3827 841 3890 sit
857 3828 1002 3890 duarum
1019 3837 1218 3891 naturarum
1232 3836 1395 3909 utraque,

404 3941 443 3994 ut
465 3931 623 4015 loquitur
645 3931 822 4014 scriptura
843 3931 940 3995 Luce
963 3931 1031 4014 IX,
1052 3951 1107 4011 55:
1131 3931 1276 3996 Nescitis
1297 3933 1397 3996 cuius

458 4183 493 4216 21.
514 4171 543 4214 B:
565 4183 635 4227 quam
656 4172 728 4214 deest.
788 4182 825 4226 27.
846 4171 863 4214 B
884 4171 908 4214 in
928 4183 1014 4226 marg:
1038 4170 1143 4215 Potestas
1163 4173 1311 4228 spirituatem
1331 4175 1353 4217 Α
1372 4173 1395 4217 in

407 4252 493 4295 marga
509 4239 616 4284 Potestas
629 4241 759 4296 spiritualis
771 4241 829 4296 quid
841 4244 895 4288 est?

462 4379 498 4427 14.
518 4365 609 4434 lobi,
626 4381 664 4419 12,
736 4377 769 4432 27
787 4377 813 4416 et
831 4382 906 4434 seqq.
925 4383 950 4418 v.
970 4368 1058 4417 liussii
1078 4368 1149 4434 Opp.
1168 4373 1239 4434 213⁵.
