3008 5026
720 422 890 474 tollamus
909 423 1048 474 wvctlf
1228 407 1310 488 [cnr.
1326 419 1377 466 vn.

390 579 437 644 Et
459 577 511 643 sic
533 578 692 663 intelligo
716 580 898 644 decretum
913 577 1055 662 XXIV,
1078 601 1110 663 q.
1125 579 1152 655 1,
1180 579 1376 663 Quodcum-

389 703 452 766 que
475 704 553 748 cum
571 685 621 748 eis
638 683 819 762 similibus,
842 705 913 767 que
930 685 1047 748 omnia
1062 693 1208 768 oportet
1226 685 1378 770 intelligi

390 797 572 872 potestate
603 789 781 853 militantis
814 790 966 853 ecclesie
993 810 1065 854 non
1094 798 1248 870 errante;
1281 792 1378 874 quod

391 895 503 960 solum
536 902 592 958 est
632 913 755 956 verum
793 895 934 976 quando
965 893 1096 958 iudicio
1130 894 1377 977 triumphantis

392 998 543 1062 ecclesie
576 1007 632 1061 est
664 997 869 1077 conformis;
902 1018 974 1062 non
1008 998 1100 1062 enim
1128 1007 1251 1082 potest
1278 999 1401 1072 aliters

391 1104 531 1187 aperire
553 1103 691 1166 ianuam
713 1101 817 1189 regni
840 1104 995 1167 celorum
1012 1103 1123 1167 eciam
1145 1104 1214 1168 sibi
1234 1104 1314 1188 ipsi.
1339 1103 1378 1169 Si

390 1218 508 1273 autem
532 1209 652 1273 claves
679 1208 748 1272 iste
772 1209 889 1291 quoad
911 1209 1091 1272 materiam
1119 1209 1189 1272 sint
1210 1229 1318 1274 verse
1341 1211 1379 1274 in

391 1313 620 1378 affeccionem
643 1321 819 1376 terrenam
842 1321 879 1376 et
900 1314 1019 1396 quoad
1037 1313 1184 1376 formam
1199 1314 1380 1379 declinant

390 1427 615 1483 monstruose
652 1437 672 1480 a
709 1417 864 1481 sciencia
901 1419 1144 1500 apostolorum
1185 1419 1230 1482 ad
1266 1427 1377 1482 artem

389 1522 537 1605 luciferi,
576 1541 727 1586 necesse
758 1531 814 1586 est
845 1522 943 1605 quod
979 1523 1068 1586 tales
1107 1523 1180 1588 suis
1218 1522 1378 1588 clavibus
1390 1559 1420 1594 ιο

391 1627 552 1711 aperiant
572 1635 695 1710 portas
718 1646 799 1690 suas
816 1637 853 1691 et
868 1627 1109 1712 dogmatizent
1125 1627 1377 1711 discipulorum

391 1753 532 1797 suorum
555 1730 786 1815 precipicium
811 1733 855 1795 ad
876 1732 1060 1798 infernum.

231 1879 316 1925 pm,
434 1840 610 1912 Quantum
628 1836 636 1920 Ι
656 1836 703 1899 ad
724 1836 872 1899 tercium
896 1847 1139 1919 argumentum
1155 1838 1201 1902 de
1220 1838 1379 1904 adventu
1408 1856 1462 1927 196·

200 1933 310 1976 b⁰¹⁶⁰⁰⁸⁵
325 1933 347 1976 5¹¹
389 1942 489 2006 Petri
512 1942 556 2004 ad
572 1941 749 2005 dominum
767 1960 876 2025 super
892 1962 999 2025 aquas
1016 1963 1095 2006 cum
1110 1942 1187 2007 aliis
1204 1945 1378 2028 exemplis

181 1985 568 2111 νἑὲἔῑωῑῖἷὲθξηῃέἰκειιιᾱειεὶειιη
592 2045 692 2110 Petri
723 2045 956 2129 signantibus
986 2055 1088 2131 patet
1119 2048 1216 2130 quod
1247 2049 1419 2119 docento

196 2089 298 2132 authorit
330 2096 353 2132 to

219 2141 256 2185 '¹¹⁸
270 2101 341 2185 nain.
391 2155 434 2216 ad
469 2171 611 2214 sensum
650 2151 854 2235 expositum
887 2152 1056 2216 vicarium
1094 2152 1193 2216 Petri
1230 2152 1379 2236 obligari

391 2255 632 2320 diversissime
664 2257 709 2319 ad
740 2256 940 2320 faciendum
968 2256 1136 2320 similiter.
1174 2257 1281 2322 Unde
1308 2278 1378 2322 non

390 2361 497 2425 video
525 2363 704 2443 quomodo
732 2361 926 2444 patenciuS,
951 2362 1089 2445 turpius
1112 2373 1174 2427 aut
1201 2362 1378 2426 convinci·

390 2466 495 2530 bilius
533 2474 661 2547 posset
696 2485 791 2548 papa
827 2469 981 2530 mendax
1022 2469 1177 2551 allegare
1207 2488 1275 2551 pro
1313 2487 1379 2531 sua

389 2569 651 2655 preeminencie
678 2590 782 2652 quam
815 2570 939 2635 afferre
969 2572 1081 2638 dictas
1105 2572 1312 2637 autoritates
1335 2573 1379 2636 ad
1390 2605 1422 2640 ιο

391 2673 695 2738 confirmacionem
727 2693 790 2737 sue
821 2675 1095 2758 preeminencie,
1131 2677 1297 2740 faciendo
1335 2678 1380 2740 ad

389 2798 532 2843 sensum
554 2777 728 2841 misticum
756 2778 808 2843 eis
831 2780 1055 2864 contrarium,
1083 2781 1256 2864 quiahoc
1281 2791 1381 2845 esset

390 2882 516 2947 afferre
547 2883 837 2965 dampnacionem
870 2905 967 2947 suam
1000 2906 1047 2948 ex
1069 2886 1192 2950 verbis
1214 2886 1379 2969 propriis.

390 2987 476 3052 Cum
503 2986 613 3070 igitur
639 2989 835 3051 ambulacio
863 2989 962 3052 Petri
989 3011 1100 3073 super
1126 3010 1233 3073 aquas
1261 2991 1381 3076 signat

389 3091 719 3176 suppeditacionem
740 3094 986 3176 temporalium
1004 3097 1070 3157 sub
1091 3093 1285 3159 affeccione
1312 3111 1419 3180 perat

389 3218 493 3281 quam
515 3197 608 3260 viam
630 3196 783 3260 vicarius
806 3197 907 3261 Petri
930 3206 969 3261 ut
992 3199 1071 3262 talis
1095 3199 1243 3263 duceret
1266 3204 1378 3266 eccle·

389 3302 474 3366 siam
502 3303 583 3384 plus
610 3302 670 3364 vel
698 3301 822 3379 minus,
852 3322 922 3385 que
949 3304 1060 3367 maior
1088 3304 1251 3369 confusio
1275 3326 1379 3388 quam

388 3409 543 3490 allegare
570 3406 655 3469 illud
684 3406 850 3470 iudicium
879 3427 926 3470 ex
953 3409 1036 3491 lege
1058 3408 1203 3472 Domini
1235 3417 1272 3472 et
1300 3430 1380 3474 cum

388 3514 457 3575 hoc
473 3511 630 3574 vivendo
648 3513 715 3574 sub
732 3511 832 3594 aquis
849 3512 970 3575 mundi
992 3512 1204 3594 profundius
1226 3513 1262 3578 in
1285 3514 1380 3580 fastu

391 3625 427 3680 et
459 3623 587 3699 questu
621 3616 740 3690 seculi,
774 3616 982 3698 perplexius
1014 3617 1241 3700 profundari?
1277 3617 1379 3682 Deus
1391 3635 1421 3686 30

391 3720 482 3784 enim
511 3740 558 3783 ex
587 3740 648 3783 ore
677 3720 824 3804 proprio
852 3720 984 3784 iudicat
1010 3721 1210 3786 huiusmodi
1237 3742 1380 3787 servum

192 3846 362 3943 333'0312333
390 3846 549 3910 nequam.
596 3825 635 3890 Si
665 3826 775 3909 igitur
806 3826 988 3910 sequimur
1019 3827 1165 3890 Petrum
1201 3828 1381 3892 moraliter

220 3951 334 4007 example.
389 3952 426 3996 m
443 3930 546 3994 dictis
563 3931 726 4012 audaciis,
749 3933 921 3996 debemus
939 3941 1162 4014 postponere
1177 3932 1381 3998 vecordiam

391 4035 546 4100 omnium
569 4035 798 4101 omissionum
821 4037 1077 4120 temporalium,
1101 4035 1255 4101 omnium
1271 4037 1379 4102 tribu·

444 4253 463 4296 1,
479 4253 499 4285 2.
517 4240 545 4284 B:
562 4240 703 4298 Quicunque.
760 4241 792 4288 13.
809 4242 826 4285 B
840 4242 864 4285 in
879 4254 965 4298 marg:
979 4242 1016 4286 Ad
1028 4254 1053 4298 3.

445 4381 467 4415 1.
487 4365 550 4432 Cap.
563 4366 606 4418 Vl.
