3008 5026
708 360 879 415 tonsurus
897 357 1037 411 wvcus
1212 341 1294 424 [can.
1310 350 1371 399 vm.

383 519 568 583 influencia
596 519 738 584 celestis
761 519 820 582 vel
848 527 904 581 est
932 514 1114 580 sanctitati
1140 512 1373 598 impertinens

383 627 442 688 vel
462 627 466 710 Ι
486 626 565 687 loca
588 633 671 689 sunt
692 623 759 687 alia
781 623 893 705 magis
916 630 1007 705 apta
1403 640 1464 693 203⁶

183 725 284 834 283⁰&
297 726 344 820 {¹3⁸
425 727 600 806 Similiter,
629 727 659 792 si
681 729 782 792 locus
811 727 905 809 capit
929 725 1162 808 sanctitatem,
1190 747 1257 808 per
1277 726 1373 788 idem

188 830 347 936 “gylfflffiw
380 832 668 895 malediccionem
692 836 736 896 ab
759 831 885 894 incolis
912 831 1049 894 facinus
1071 831 1374 895 committentibus

189 933 342 977 ''⁵⁰¹“⁶¹¹‘⁸⁸·
378 937 415 999 in
439 937 577 1017 eodem,
606 946 645 999 ut
672 945 773 1020 patet
796 936 841 1001 ΙΙ.
863 936 1006 1020 Regum
1034 936 1149 1018 primo
1177 937 1223 998 de
1250 945 1398 1005 montes

380 1039 530 1106 Gelboe.
569 1039 643 1105 Sed
666 1041 785 1103 Rome
818 1043 861 1102 ab
893 1040 1168 1122 imperatoribus
1201 1049 1237 1103 et
1265 1040 1370 1103 carni-

378 1144 506 1207 ficibus
522 1143 590 1208 sibi
606 1143 787 1226 subiectis,
804 1143 864 1226 qui
884 1144 1153 1226 permanencius
1168 1144 1372 1206 incolebant

378 1248 494 1310 locum
528 1257 612 1329 post
645 1256 682 1309 et
714 1256 795 1309 ante
829 1267 931 1329 quam
955 1255 1138 1330 martyres,
1168 1247 1235 1310 suit
1260 1247 1371 1310 multi·

379 1350 506 1433 plicius
529 1350 665 1413 facinus
681 1359 936 1433 perpetratum,
960 1350 1069 1434 igitur
1087 1353 1188 1414 locus
1202 1351 1261 1414 ille
1277 1350 1372 1414 foret

380 1454 587 1517 evidencius
609 1455 827 1520 maledictus.
858 1455 904 1517 Et
926 1456 962 1517 in
986 1455 1123 1535 signum
1145 1455 1249 1518 huius
1272 1455 1371 1518 multi
1385 1487 1415 1522 ιο

379 1578 474 1641 pape
497 1558 638 1644 fugiunt
664 1559 760 1621 illum
783 1560 911 1638 locum,
939 1559 1031 1623 sicut
1054 1560 1195 1622 Balaam
1219 1570 1372 1642 propter

379 1660 642 1725 influenciarum
672 1663 879 1725 varietatem
912 1662 999 1726 fecit
1026 1664 1145 1726 altaria
1168 1663 1304 1744 variari,
1333 1674 1371 1726 ut

380 1766 508 1831 dicitur
531 1767 676 1830 Numeri
699 1767 843 1830 XXIII.

209 1885 331 1930 noreover
424 1869 598 1949 Similiter,
627 1871 657 1933 si
684 1872 853 1935 sanctitas
882 1881 1072 1955 martyrum
1100 1873 1202 1954 fugat
1233 1872 1369 1936 facinus

172 1938 368 2048 'iiiiiitid'il
380 1984 416 2037 et
438 1977 553 2039 locum
577 1975 781 2055 sanctificat,
804 1976 998 2055 Jerusalem
1023 1976 1117 2040 foret
1138 1978 1240 2040 locus
1272 1993 1411 2043 sanc-15

379 2078 544 2156 tissimus,
569 2099 647 2142 cum
670 2080 720 2142 ibi
742 2080 941 2161 predicavit
965 2090 1001 2144 et
1021 2101 1163 2163 passum
1180 2080 1247 2144 fuit
1262 2089 1369 2163 caput

377 2191 580 2265 martyrum,
616 2182 666 2245 ibi
698 2183 837 2248 occisus
869 2192 926 2248 est
957 2193 1108 2267 uterque
1141 2185 1297 2264 Jacobus
1332 2194 1369 2248 et

378 2287 477 2349 multi
499 2296 684 2370 martyres,
714 2307 796 2370 ymo
823 2288 860 2350 in
883 2288 996 2352 veteri
1022 2295 1234 2353 testamento
1258 2289 1368 2354 occisi

378 2400 460 2455 sunt
475 2391 625 2473 plurimi,
642 2402 681 2454 ut
692 2401 842 2456 testatur
853 2391 1014 2457 Christus
1025 2394 1147 2458 Matth.
1158 2393 1301 2476 XXIII,
1312 2414 1367 2475 37:

376 2495 571 2559 Jerusalem
603 2514 666 2576 que
705 2498 832 2561 occidis
864 2499 1049 2580 prophetas
1080 2504 1110 2562 ei
1141 2500 1281 2580 lapidas
1313 2518 1412 2563 eoszo

376 2603 435 2681 qni
467 2601 514 2663 ad
544 2606 576 2663 ie
606 2602 706 2664 missi
736 2608 825 2679 sunt,
858 2610 895 2663 et
927 2602 989 2664 IV.
1012 2602 1156 2685 Regum
1180 2601 1367 2684 XXIV,4

376 2704 542 2768 scribitur
574 2706 753 2786 quomodo
795 2705 977 2770 Manasses
1011 2707 1130 2789 cffiidii
1160 2709 1367 2789 sangninem

376 2811 554 2872 innoxium
571 2815 601 2873 et
616 2811 769 2892 implevit
778 2809 974 2874 Jerusalem
985 2829 1108 2875 cruore
1121 2813 1368 2888 innocencium,

377 2918 407 2976 ei
429 2915 469 2974 ob
484 2914 573 2976 hanc
589 2932 664 2976 rem
680 2915 789 2976 noluit
803 2915 968 2977 dominns
985 2916 1190 2996 propiciari.
1212 2914 1369 2978 Difficile

377 3024 493 3078 autem
527 3025 582 3079 est
614 3017 825 3100 sompniare,
858 3017 894 3079 in
927 3036 996 3098 qua
1017 3016 1162 3080 istarum
1188 3017 1412 3081 civitatum25

377 3119 485 3184 occisi
502 3128 584 3183 sunt
600 3121 722 3202 plures
738 3120 916 3202 martyrio.
940 3120 1015 3185 Sed
1031 3130 1166 3184 certum
1193 3131 1249 3186 est
1272 3123 1369 3204 quod

378 3223 538 3288 Christus
561 3225 760 3306 predicans,
788 3245 1003 3288 conversans
1028 3234 1064 3288 et
1087 3226 1228 3291 occisus
1254 3226 1291 3290 in
1314 3227 1368 3306 Je-

376 3329 537 3410 rusalem,
561 3328 734 3391 infinitum
760 3329 903 3391 excedit
927 3338 1040 3392 totum
1065 3330 1254 3414 collegium
1277 3351 1368 3394 mar·

378 3442 494 3515 tyrum
518 3432 637 3495 Rome
661 3435 719 3495 vel
749 3433 831 3496 alibi
859 3433 1067 3513 occisorum,
1097 3443 1134 3496 et
1156 3444 1278 3517 preter
1301 3438 1369 3499 hec

377 3537 477 3601 locus
499 3545 555 3600 cst
579 3537 768 3601 sanctitate
793 3537 978 3619 antiquior.
1381 3551 1414 3601 30

207 3639 316 3683 ¹¹i⁸¹¹01
421 3640 476 3701 Ex
503 3640 582 3704 istis
611 3641 788 3724 colligitur
816 3642 912 3723 quod
949 3661 1015 3704 nec
1037 3641 1107 3705 iste
1135 3643 1291 3725 quinque
1317 3663 1368 3706 ra·

188 3691 274 3747 proved
290 3691 337 3733 nm

169 3743 357 3838 offlghffis,
379 3744 498 3809 ciones
521 3765 588 3808 nec
613 3746 679 3808 alie
711 3746 879 3828 fingende
904 3745 1085 3809 stabiliunt
1108 3748 1205 3829 quod
1224 3756 1370 3830 oportet

208 3847 320 3902 '’²9⁰1’ss
377 3849 519 3912 realiter
542 3849 741 3913 Romanum
766 3850 971 3933 pontificem
996 3870 1076 3914 esse
1098 3870 1237 3933 papam.
1266 3851 1370 3914 Multi

380 3953 471 4016 enim
503 3954 657 4017 Romani
688 3954 879 4037 pontifices
908 3954 912 4036 Ι
942 3953 1033 4018 sicut
1065 3963 1101 4017 et
1133 3954 1370 4038 imperatores
1399 3968 1458 4029 204·

379 4067 480 4121 crant
501 4060 646 4141 pessimi
669 4059 874 4137 antichristi,
898 4070 935 4122 et
951 4059 1075 4122 civitas
1090 4059 1148 4122 illa
1164 4079 1243 4122 cum
1259 4069 1370 4142 gente
1383 4071 1414 4124 35

434 4310 466 4353 ¹4·
481 4298 521 4340 An
536 4298 558 4341 in
575 4311 661 4354 marg:
675 4300 804 4343 Jerusalem
819 4300 882 4342 locus
897 4301 1005 4343 sanccim-
1019 4298 1100 4343 Roma.
