3008 5026
187 420 251 465 err.
265 404 308 493 n]
478 423 523 472 ne
540 421 754 472 eorusmrc
772 421 874 468 narn.

186 580 295 659 femie,
319 577 589 662 quasompniat
611 576 755 640 etfacit
785 575 928 658 ignaros
952 575 1099 637 credere
1122 574 1168 636 de

186 705 248 748 sua
268 682 468 747 insensibili
491 690 528 745 et
542 680 751 745 infundabili
766 687 961 763 potestat03
985 678 1080 741 unde
1096 698 1168 741 non

185 788 266 852 sinit
296 789 395 871 quod
427 786 633 850 scrutinium
663 806 727 849 sue
759 783 982 867 blasphemie
1018 782 1054 846 in
1087 785 1166 846 luce

186 896 321 973 clareat,
354 900 391 955 et
421 892 506 955 licet
534 890 580 954 sit
614 899 748 953 tantum
781 888 949 968 errabilis,
980 889 1168 952 blasfemat

163 996 393 1081 §profundius
417 997 515 1078 quod
528 996 630 1059 Deus
652 1003 707 1057 est
728 993 963 1057 necessitatus
988 994 1168 1076 complere

185 1101 299 1165 omnia
320 1121 384 1164 sua
406 1099 541 1164 iudicia.
580 1098 681 1164 Sicut
710 1099 819 1181 igitur
846 1099 1052 1162 sacerdotes
1075 1098 1167 1181 legis
1186 1128 1237 1173 Th,
1253 1130 1337 1183 „m
1351 1131 1374 1173 ῃ,

185 1205 314 1270 veteris
330 1225 402 1269 non
417 1205 582 1269 lecerunt
596 1203 772 1268 hominem
783 1223 905 1266 sanum
916 1204 974 1266 vel
986 1205 1167 1286 leprosum
1177 1182 1383 1278 ‘¹¹30‘1’¹}„¹,2w11,d2d

184 1312 248 1374 sed
270 1311 508 1386 notificabant,
536 1319 576 1373 ut
596 1317 698 1392 patet
719 1308 773 1371 IV
796 1307 1063 1372 Sentenciarum
1088 1308 1166 1372 dist.
1199 1287 1358 1383 diliciis

184 1414 311 1477 XVIII
335 1424 372 1478 et
392 1414 560 1477 recitatur
581 1413 738 1494 inferius,
770 1413 821 1476 sic
848 1413 1053 1496 presbyteri
1075 1391 1385 1504 legisfffibssssstfffl'

150 1539 285 1583 ronove.
301 1518 344 1582 In
359 1518 457 1582 cuius
472 1519 612 1601 signum
626 1517 786 1583 Christus
802 1518 987 1581 suscitavit
1000 1517 1167 1580 Lazarum
1177 1507 1200 1538 ¹¹¹
1214 1495 1252 1540 ¹¹¹²
1266 1508 1317 1540 ‘¹⁶⁹'
1331 1498 1385 1542 ''⁸''

185 1633 219 1686 et
233 1623 321 1687 fecit
335 1623 534 1706 Apostolos
555 1621 671 1704 ipsum
688 1622 838 1698 solvere,
862 1630 901 1684 ut
916 1629 1016 1704 patet
1030 1620 1079 1698 X,
1095 1618 1166 1682 XI:

184 1735 212 1791 et
233 1730 347 1792 decem
379 1729 514 1810 leprosi,
546 1729 630 1790 dum
663 1727 733 1808 ipsi
764 1728 861 1803 irent,
892 1728 1053 1790 mundati
1078 1730 1167 1804 sunt,

183 1840 220 1895 ut
236 1831 363 1895 dicitur
377 1832 474 1895 Luce
489 1831 611 1912 XVII,
626 1853 672 1910 12,
693 1853 731 1911 ¹4
746 1841 782 1894 et
796 1830 959 1894 Psalmus
974 1829 1120 1910 XXXI,
1132 1848 1166 1908 5:

183 1936 263 1999 Dixi
285 1937 466 2017 confitebor
488 1938 674 2000 adversum
700 1956 761 2017 me,
785 1941 815 1999 et
836 1941 873 1998 tu
895 1937 1067 1999 remisisti.

150 2049 174 2099 ιε
224 2039 359 2103 Verum
374 2048 490 2102 tamen
501 2039 651 2122 amplius
667 2040 801 2102 habent
815 2039 1022 2102 sacerdotes
1039 2038 1168 2103 Christi

184 2163 285 2226 quam
308 2144 513 2207 sacerdotes
535 2143 627 2226 legis
642 2143 785 2222 veteriS,
809 2143 891 2226 quia
910 2143 992 2226 plus
1011 2152 1067 2207 est
1081 2143 1168 2207 iudi·

184 2267 262 2310 care
286 2249 331 2310 de
354 2249 490 2311 macula
516 2247 661 2330 spiritus
690 2269 793 2331 quam
817 2248 863 2311 de
884 2249 1019 2311 macula
1042 2268 1168 2332 corpo·

182 2352 253 2433 rall,
283 2354 364 2436 plus
397 2352 506 2416 eciam
539 2360 596 2416 est
627 2354 772 2436 dignum
807 2360 844 2416 et
874 2353 1004 2417 humile
1035 2355 1168 2416 habere

183 2457 335 2540 graciam
382 2466 418 2522 et
455 2457 617 2521 meritum
659 2478 706 2520 ex
749 2458 977 2522 subieccione
1016 2457 1167 2521 ecclesie

147 2581 287 2642 inquam
319 2561 551 2644 corporaliter
581 2560 754 2625 infirmum
787 2583 868 2626 esse
890 2562 1108 2626 notificatum
1131 2562 1167 2625 in

182 2665 317 2747 populo
350 2685 431 2728 esse
465 2686 603 2743 sanum;
639 2675 676 2729 et
706 2666 758 2729 sic
790 2667 875 2730 licet
905 2667 941 2729 in
965 2667 1083 2730 multis
1107 2687 1167 2730 ex·

182 2769 359 2833 cellenciis
375 2770 619 2833 sacerdocium
635 2769 728 2852 legis
743 2772 878 2835 veteris
894 2781 1039 2855 superat
1054 2791 1167 2835 sacer·

182 2874 321 2937 docium
343 2875 435 2957 legis
452 2895 557 2954 nove,
582 2875 626 2936 ad
642 2875 884 2939 sacerdocium
904 2885 1021 2939 tamen
1038 2875 1167 2940 Christi

180 2998 250 3042 non
267 2987 391 3062 potest
406 2980 591 3063 attingere,
608 2981 672 3042 sed
686 2982 901 3063 generaliter
917 2981 1014 3060 fallit,
1024 2982 1166 3064 quando

144 3089 170 3140 25
180 3103 247 3147 non
261 3086 413 3165 sequitur
428 3086 615 3147 arbitrium
632 3086 758 3148 interni
773 3087 907 3156 iudicis,
932 3095 972 3149 ut
986 3095 1086 3169 patet
1101 3086 1167 3164 XI,

180 3208 212 3270 q.
235 3187 290 3252 III
313 3189 369 3252 Ad
390 3191 451 3252 hoc
472 3209 555 3253 vera
578 3196 634 3254 est.
659 3189 732 3252 Ista
756 3200 871 3252 autem
893 3190 1066 3254 blasfema
1081 3210 1165 3273 gen·
1216 3221 1275 3264 How
1292 3222 1336 3265 bad

180 3291 297 3370 tilitas,
329 3313 398 3375 qua
430 3296 639 3359 sacerdotes
671 3294 863 3358 debiliores
896 3304 1067 3378 usurpant
1098 3295 1166 3358 sibi
1190 3275 1365 3390 'iiiffiiauciuii

180 3416 280 3479 opus,
306 3398 402 3479 quod
426 3408 483 3462 est
504 3399 585 3462 Deo
612 3399 804 3482 proprium,
838 3403 988 3463 maculat
1019 3410 1166 3463 matrem
1249 3379 1310 3422 ⁰⁰⁶·

181 3501 375 3580 ecclesiam,
412 3502 495 3565 ideo
527 3524 677 3568 necesse
709 3505 805 3568 foret
838 3524 902 3568 eos
935 3525 1168 3587 cognoscere,

141 3613 171 3662 30
181 3607 361 3687 quomodo
394 3607 537 3689 quidam
569 3618 703 3672 tantum
737 3631 756 3672 a
787 3609 938 3672 veritate
970 3611 1165 3692 degenera-

105 3713 155 3766 ι68δ
180 3719 305 3774 verant
324 3709 328 3795 1
349 3714 447 3794 quod
479 3723 655 3795 negarunt
687 3714 869 3777 accionem
897 3714 1048 3796 aliquam
1076 3734 1165 3777 com-

179 3824 305 3897 petere
329 3827 488 3881 creature
516 3818 567 3900 (ut
590 3828 691 3902 patet
713 3818 769 3881 IX
793 3818 1040 3902 Metaphysice
1065 3816 1165 3881 Com·

232 4050 269 4091 ²4·
286 4037 323 4082 25.
339 4038 368 4082 B:
383 4045 493 4091 quantum
508 4052 554 4083 non
567 4042 679 4096 sequitur.

231 4180 255 4229 8.
276 4181 343 4231 Petr.
366 4181 506 4233 Lombard.
531 4183 572 4232 ed.
593 4183 678 4249 Lugd.
698 4181 797 4248 p.41”.
869 4182 910 4235 26,
935 4184 999 4248 Cap.
1024 4183 1166 4233 Decretalis

178 4264 220 4315 Aa
245 4267 293 4318 lroc
319 4282 382 4318 uera
409 4272 447 4320 est
475 4285 527 4319 non
557 4281 633 4320 extat.
661 4272 713 4321 Sed
741 4281 780 4320 est
809 4271 894 4321 Causa
912 4271 954 4330 Xl,
984 4285 1009 4335 q.
1030 4271 1060 4320 lll
1093 4269 1166 4319 Tunc

177 4368 206 4404 re
225 4369 242 4403 a
261 4359 306 4407 est.
