3008 5026
729 414 900 464 sommus
919 412 1058 464 wrcen
1220 395 1303 480 [cnr.
1318 410 1381 454 vm.

396 569 595 631 cathedram
610 569 715 645 rexit,
740 579 776 632 et
790 569 872 633 olim
888 569 1119 632 communiter
1138 570 1143 655 1
1163 572 1384 633 vocabantur
1412 585 1471 638 202·

395 673 558 756 episcopi
571 693 675 756 pape.
685 672 790 737 Unde
801 673 1010 739 Bonifacius
1020 693 1141 738 comes
1153 674 1307 757 epistola
1317 674 1382 738 CII

394 777 518 841 scribit
543 777 764 860 Augustino:
797 779 824 842 Τ
822 798 864 843 ue
888 780 1080 843 sanctitatis
1107 780 1286 862 epistolam
1314 781 1380 842 ad-

393 884 524 947 monitu
540 902 595 946 me
609 884 854 963 terrificantem
869 885 1003 966 suscepi
1007 904 1019 960 ,·
1041 886 1164 948 etenim
1180 885 1383 949 venerabilis

387 1007 502 1069 popa:
529 985 568 1050 Si
593 988 711 1052 thorus
738 989 794 1051 ilie
820 989 995 1070 legitimus
1017 990 1166 1070 pavidos
1193 989 1290 1052 habet
1322 1007 1407 1059 ac·5

391 1110 514 1172 cessus,
550 1110 615 1172 quo
652 1091 745 1156 debet
777 1092 902 1173 puniri
938 1093 1106 1174 supplicio
1143 1093 1203 1173 qui
1244 1094 1383 1156 divinas

392 1201 536 1260 temerat
558 1197 738 1260 raciones?
760 1196 807 1258 Et
827 1195 981 1279 epistola
995 1196 1049 1259 III
1073 1195 1124 1260 sic
1146 1196 1181 1260 in
1203 1197 1275 1260 fine
1299 1199 1381 1260 allo·

392 1300 510 1383 quitur
532 1299 626 1364 idem
649 1300 856 1364 Bonifacius
883 1300 1137 1386 Augustinum:
1165 1299 1238 1365 Ora
1264 1302 1381 1383 igitur,

391 1406 592 1469 venerabilis
620 1424 727 1487 papa,
759 1410 794 1468 ui
825 1407 907 1469 tatis
938 1409 980 1469 de
1011 1407 1162 1469 inimicis
1191 1425 1269 1488 sepe
1293 1408 1380 1470 ulcio

386 1511 562 1592 procedat,
595 1529 678 1591 ymo
710 1516 749 1571 ut
780 1509 909 1573 recitat
940 1509 1235 1574 Archidiaconus:
1258 1557 1379 1576 .....
1395 1546 1423 1580 ro

394 1612 494 1679 Greci
520 1620 639 1678 vocant
665 1620 801 1679 cunctos
822 1616 1030 1697 presbiteros
1050 1634 1185 1697 papas;
1211 1616 1306 1678 unde
1328 1635 1379 1678 ra·

178 1739 200 1786 11
214 1742 256 1785 un
270 1753 337 1786 come
352 1751 376 1786 ιο
392 1719 494 1782 cione
527 1719 724 1784 dotacionis
762 1730 869 1802 atque
905 1719 1050 1783 dominii
1081 1720 1282 1803 baptizatus
1313 1718 1381 1782 fuit

104 1896 105 1899 Ἴ
180 1794 338 1901 unh‘ihi'o‘
347 1848 368 1890 n
391 1824 560 1888 terminus
584 1832 622 1887 ut
645 1824 898 1907 approprietur
920 1825 1085 1888 Romano
1109 1825 1281 1908 pontifici.
1306 1823 1380 1889 Sed

194 1905 363 1995 ciil‘iiie
391 1928 474 2006 quia
495 1950 567 1992 non
591 1938 646 1992 est
669 1929 723 1992 vis
744 1929 781 1992 in
805 1929 1014 1993 servacione
1036 1929 1184 2007 termini,
1211 1948 1379 2012 suppono

204 2003 251 2047 ⁸¹¹⁶
266 2004 340 2048 ''⁰¹¹“
390 2034 488 2116 quod
515 2032 718 2117 specialiter
744 2032 922 2117 significet
946 2033 1044 2097 illum
1072 2033 1291 2117 episcopum,
1319 2033 1421 2116 qui15

388 2139 484 2220 gerit
505 2137 682 2215 altissime,
706 2136 877 2200 simillime
894 2146 931 2200 et
945 2136 1246 2220 propinquissime
1264 2136 1379 2201 vicem

390 2241 529 2323 Christi,
562 2241 654 2304 sicut
680 2240 767 2304 fecit
790 2240 919 2303 Petrus
947 2249 1031 2323 post
1058 2240 1314 2317 ascensionem,
1343 2250 1380 2304 et

388 2346 598 2431 regulariter
621 2345 768 2409 dicimus
801 2346 899 2427 quod
925 2344 1061 2408 faciunt
1083 2345 1239 2408 Romani
1262 2346 1378 2428 ponti·

188 2456 248 2501 now
263 2469 328 2500 came
342 2456 359 2499 n
392 2450 487 2516 fices.
522 2449 595 2515 Sed
618 2450 700 2533 quia
722 2451 863 2514 videtur
885 2449 1052 2514 mirabilis
1076 2450 1186 2513 saltus
1209 2459 1246 2513 et
1268 2450 1379 2514 infun·

178 2509 365 2606 ¹3>iiea⁸¹ii⁸¹iii
389 2555 514 2618 dabilis
546 2554 729 2619 aChristo
763 2559 806 2619 ad
839 2563 953 2618 totum
984 2574 1099 2638 genus
1133 2555 1377 2618 Romanorum
1390 2590 1422 2624 ιο

224 2614 319 2669 mmm:
388 2660 595 2743 pontificum
618 2661 829 2746 regulariter
851 2660 902 2724 sic
925 2661 1064 2737 saltare,
1086 2660 1170 2724 ideo
1193 2660 1294 2724 multi
1317 2660 1377 2723 ad-

387 2765 572 2828 inveniunt
595 2766 669 2828 vias
693 2765 807 2829 varias
836 2767 879 2828 ad
900 2765 1004 2828 istam
1031 2764 1194 2829 ficticiam
1218 2766 1378 2829 coloran-

387 2868 478 2935 dum.
516 2869 667 2951 Quidam
699 2878 816 2933 autem
849 2869 971 2933 dicunt
997 2872 1066 2932 hoc
1089 2870 1287 2952 procedere
1312 2890 1379 2953 per

387 2974 478 3038 viam
493 2974 655 3053 racionis,
672 2974 812 3057 quidam
827 2993 894 3057 per
903 2974 998 3037 viam
1012 2973 1112 3037 Petri
1128 2973 1377 3054 successionis,

389 3086 425 3141 et
448 3078 592 3160 quidam
615 3098 679 3162 per
703 3078 794 3142 viam
819 3079 1021 3144 eleccionis.
1389 3096 1419 3147 25

190 3205 356 3249 nrmacmms
432 3184 609 3266 Quantum
643 3186 688 3247 ad
718 3185 873 3267 primum
905 3185 1009 3267 fingit
1040 3184 1203 3249 dominus
1226 3183 1377 3246 Ardma·

180 3258 368 3371 ilssiiiiliss
389 3309 495 3353 canus
532 3291 623 3353 libro
651 3290 723 3353 VH
755 3293 811 3354 De
844 3290 1101 3372 Questionibus
1138 3291 1377 3353 Armenorum

187 3360 292 3458 {iiiiii
312 3363 359 3458 oiri.
387 3393 565 3456 racionem
589 3394 827 3477 multiplicem,
855 3395 967 3478 prima
989 3393 1073 3477 quia
1096 3393 1214 3456 Roma
1241 3403 1299 3458 est
1322 3415 1377 3457 ca·

387 3498 505 3581 pitalis
529 3498 652 3562 civitas
676 3498 930 3581 christianismi,
962 3498 1045 3562 ideo
1069 3499 1178 3560 decet
1201 3500 1299 3580 quod
1323 3518 1376 3561 ca·

387 3603 505 3686 pitalis
529 3603 721 3686 episcopus
745 3604 795 3666 ibi
816 3614 927 3686 regat
1388 3618 1420 3667 30

430 3707 503 3773 Sed
519 3716 688 3790 quantum
704 3709 749 3772 ad
763 3709 866 3772 istam
882 3709 1102 3773 evidenciam
1113 3708 1264 3782 videtur,
1278 3708 1376 3790 quod

386 3821 529 3875 accusat
566 3833 737 3876 summurn
775 3814 981 3897 pontificem
1019 3813 1197 3876 dominum
1233 3812 1376 3874 Ihesum

386 3916 571 3994 Christum,
600 3918 660 3999 qui
693 3919 805 4000 elegit
825 3919 1022 3997 Jerusalem
1045 3916 1215 4000 passioni,
1245 3925 1281 3979 et
1305 3917 1376 3980 hoc

440 4169 473 4200 ro.
492 4157 581 4200 codd:
600 4157 796 4208 Archidamum,-
818 4169 866 4213 seq.
886 4158 976 4201 lacuna.
1046 4158 1079 4203 13.
1098 4158 1140 4201 ΑΒ
1159 4158 1182 4201 in
1202 4168 1288 4213 marga
1309 4156 1375 4214 Papa

384 4228 520 4282 specialiter
532 4226 590 4283 quid
602 4224 728 4284 significet.

438 4354 462 4404 3.
481 4353 544 4404 ibid.
562 4355 631 4419 App.
651 4370 710 4419 pag.
732 4370 752 4404 r.
825 4370 848 4419 7.
868 4356 917 4421 Ep.
936 4355 994 4405 XlV
1007 4354 1040 4406 el.
1060 4355 1164 4405 cxciv
1181 4355 1251 4421 App.
1270 4369 1330 4420 pag.
1347 4369 1374 4418 4.
