3008 5026
151 415 219 465 mu.
240 401 304 494 vn]
450 423 495 476 un
513 422 726 476 comatam
744 421 843 475 cies.

150 581 312 664 vicarios,
344 582 437 645 unde
466 580 548 664 quia
576 579 837 645 sofisticacione
865 581 1007 663 dyaboli
1037 579 1140 644 nimis

151 685 333 750 seducitur
354 686 521 768 populus,
543 705 615 749 non
640 686 791 749 credens
813 684 919 768 signo
940 684 1141 748 abhomina-

152 791 263 856 cionis
290 790 397 855 stanti
422 790 459 854 in
485 792 568 854 loco
596 799 720 854 sancto
747 791 838 854 Dan.
867 790 925 853 IX
953 809 1029 874 cap.
1058 809 1140 872 pro·

151 897 309 979 phetato,
337 895 562 960 abbreviabit
587 895 688 959 Deus
716 895 794 959 dies
821 903 973 979 propter
1004 896 1140 959 electos

127 999 315 1064 §faciendo
348 999 559 1065 divisionem
589 999 683 1064 inter
714 1007 907 1083 apostatas,
940 1008 980 1064 ut
1001 1001 1061 1064 vel
1089 1000 1140 1063 sic

151 1113 319 1169 noscatur
340 1103 483 1168 veritas.
514 1104 562 1167 Et
584 1104 702 1169 statim
725 1104 770 1167 de
795 1103 956 1167 cavendo
979 1103 1141 1187 periculo

150 1315 205 1377 hic
230 1319 278 1378 est
302 1312 458 1382 Christus
488 1319 550 1378 aut
571 1314 651 1386 itttc,
684 1314 786 1378 nolite
808 1315 955 1379 credere.
993 1311 1142 1396 Surgeret

152 1419 243 1482 enim
270 1420 521 1501 pseudochristi
552 1423 582 1482 et
611 1420 913 1501 pseudoprophete,
952 1424 982 1482 et
1013 1420 1142 1483 dabunt

112 1523 254 1604 msigna
281 1536 422 1605 magna.
453 1522 546 1601 Ecce,
577 1522 701 1606 inquit,
731 1524 871 1605 predixi
893 1524 994 1588 vobis
1032 1522 1141 1587 Istam
1177 1551 1196 1596 11
1210 1563 1264 1608 may
1279 1552 1338 1596 „fef

152 1627 382 1710 propheciam
399 1627 528 1692 Christi
544 1629 658 1693 omnis
682 1627 877 1692 catholicus
900 1635 1043 1691 tenetur
1066 1647 1141 1690 cre·
1165 1604 1339 1700 ¹⁰„{‚¹³3⁸{1.in¹}⁰

153 1731 249 1794 dere.
286 1730 334 1795 Et
356 1733 499 1796 videtur
525 1732 630 1796 michi
657 1732 771 1816 ipsam
797 1751 907 1815 posse
937 1732 1071 1815 exponi
1096 1733 1142 1794 de
1174 1709 1240 1752 '⁰¹²‘
1255 1719 1337 1763 ⁹⁰⁹⁶*

152 1835 230 1899 istis
262 1834 462 1902 dicentibus
493 1836 601 1902 hodie
633 1857 673 1901 se
706 1857 787 1901 esse
824 1856 952 1920 papas;
990 1845 1142 1920 uterque

154 1940 247 2004 euim
279 1941 364 2006 dicit
395 1962 435 2005 se
467 1961 549 2006 esse
572 1941 750 2006 Christum
772 1941 898 2021 Deum,
933 1951 969 2005 et
1001 1941 1143 2006 maioris

113 2046 141 2097 ¹5
152 2046 212 2107 vel
227 2045 337 2128 pluris
353 2047 545 2129 potestatis
565 2067 669 2129 quam
685 2046 810 2110 Ihesus
828 2054 967 2121 noster;
990 2045 1027 2109 in
1043 2045 1142 2110 cuius

152 2150 294 2213 nomine
316 2160 493 2233 tamquam
522 2151 598 2214 eius
626 2170 780 2215 summos
804 2150 957 2214 vicarios
983 2150 1144 2215 referunt

152 2273 193 2316 se
215 2255 353 2333 venire;
387 2263 424 2318 et
456 2263 592 2319 certum
624 2256 802 2337 estquod
832 2255 901 2318 ista
923 2255 1051 2319 divisio
1086 2262 1143 2319 est

152 2357 197 2419 ad
218 2358 494 2422 instruccionem
521 2359 685 2423 ecclesie.
712 2359 801 2423 Ideo
824 2359 967 2423 videtur
993 2358 1142 2423 salubris

153 2462 314 2526 doctrina
331 2463 468 2542 Christi,
493 2465 591 2546 quod
613 2484 731 2547 neque
755 2464 858 2527 nudis
879 2464 1000 2528 verbis
1024 2464 1142 2527 dicen·

110 2582 143 2618 ²0
154 2566 255 2643 cium,
279 2569 377 2650 quod
392 2587 485 2631 nunc
499 2588 595 2651 papa
610 2567 656 2632 sit
670 2568 800 2649 Rome,
821 2588 916 2632 nunc
932 2569 1031 2651 quod
1048 2587 1143 2651 papa

153 2670 201 2734 sit
214 2672 404 2752 Avinione,
422 2672 593 2736 debemus
611 2672 768 2749 credere,
788 2673 853 2735 sed
867 2672 955 2754 ipsis
972 2672 1143 2756 operibus

154 2774 294 2839 Christo
306 2775 556 2858 conformibus,
566 2785 606 2841 ut
616 2778 723 2841 docet
732 2777 810 2856 Job
825 2775 873 2856 X,
884 2781 925 2852 38
941 2777 987 2840 de
1003 2796 1042 2840 se
1053 2776 1142 2859 ipso,

154 2880 236 2963 quia
268 2889 403 2944 certum
430 2889 494 2961 est,
526 2883 623 2964 quod
650 2881 744 2945 nuda
766 2883 959 2945 verborum
986 2883 1142 2964 promul·

153 2984 257 3067 gacio
290 3004 358 3049 nec
389 2986 495 3049 fallax
528 2995 564 3049 et
586 2985 737 3051 subdola
760 2993 978 3067 satraparum
1007 2985 1142 3050 eleccio

110 3090 239 3154 25facit
261 3090 369 3154 fidem
392 3091 436 3153 de
453 3088 584 3153 Christi
598 3089 741 3171 vicario,
764 3090 831 3153 sed
853 3098 893 3152 ut
913 3088 1000 3153 dicit
1014 3092 1143 3154 beatus

155 3194 422 3279 Crysostomus:
460 3195 572 3260 Nudis
603 3194 707 3276 soliis
741 3198 923 3262 verborum
961 3200 998 3259 ut
1033 3196 1144 3277 signis

150 3301 390 3382 generacionis
421 3301 575 3364 adultere
605 3302 765 3364 innititur
785 3301 1026 3380 Antichristus,
1062 3298 1145 3381 quia

74 3401 127 3473 ³98⁸
153 3404 224 3467 hoc
262 3412 318 3466 est
353 3402 465 3485 magis
504 3406 716 3467 contrarium
747 3406 860 3468 verbo
886 3403 891 3488 Ι
914 3402 994 3468 Dei.
1037 3401 1142 3465 Unde
1174 3431 1240 3488 ῃκγ
1255 3431 1340 3476 ,mn

154 3517 306 3589 uterque
321 3507 479 3589 istorum,
495 3515 534 3570 ut
544 3506 648 3571 michi
658 3507 809 3588 videtur,
820 3509 930 3572 debet
945 3504 1143 3571 contentari
1165 3483 1347 3580 ἕῗὶῗξέἷξῑξξξ

112 3616 144 3668 30
154 3613 199 3675 de
226 3612 298 3675 isto
325 3630 516 3693 regnorum
543 3631 734 3695 responso:
765 3631 812 3674 ex
839 3631 911 3694 quo
938 3631 1011 3675 non
1035 3612 1144 3674 claret
1157 3588 1325 3686 ³⁰d.0¹}²50⁸¹}i”0¹¹
1326 3588 1356 3632 ¹¹⁶

156 3717 207 3779 eis
231 3736 278 3778 ex
302 3714 484 3779 eleccione
509 3718 567 3779 vel
597 3736 707 3801 opere
731 3715 811 3799 quis
837 3725 892 3779 est
919 3736 1024 3799 papa,
1047 3714 1144 3798 quie·
1179 3691 1337 3801 fflfpcsseffss,

154 3822 295 3885 scuntin
326 3820 397 3885 fide
425 3820 487 3884 filii
519 3821 598 3904 Dei,
630 3840 818 3904 quousque
850 3819 1002 3885 ecclesia
1034 3821 1143 3904 plene

155 3925 337 4003 doceatur,
365 3925 444 4008 quis
468 3944 588 3988 eorum
610 3925 716 3990 fuerit
737 3945 846 3989 verus
869 3944 970 4008 papa,
1000 3932 1037 3989 et
1060 3946 1143 4008 sup·

210 4163 243 4210 13.
258 4165 347 4210 Codd.:
366 4178 393 4209 re
410 4165 480 4210 hodie
496 4176 555 4211 erte.
610 4164 643 4209 16.
663 4164 751 4208 codd:
770 4175 871 4209 summor
888 4165 1000 4209 vicariae.
1054 4164 1091 4210 io.
1109 4165 1146 4207 lle

156 4235 201 4279 teto
216 4247 343 4292 regnorum
357 4247 469 4291 response
483 4235 498 4280 i.
512 4248 531 4278 e.
547 4247 592 4291 que
606 4246 676 4290 regna
690 4236 724 4279 eis
739 4224 880 4291 respondere
894 4235 1000 4280 debeant.

209 4374 233 4425 7·
253 4361 342 4411 uren.
361 4362 451 4420 xxw.
472 4363 513 4427 23,
535 4376 574 4425 24,
594 4361 634 4414 25.
