<?xml version="1.0" encoding="UTF-8"?>
<!DOCTYPE html PUBLIC "-//W3C//DTD XHTML 1.0 Transitional//EN"
    "http://www.w3.org/TR/xhtml1/DTD/xhtml1-transitional.dtd">
<html xmlns="http://www.w3.org/1999/xhtml" xml:lang="en" lang="en">
 <head>
  <title>
</title>
<meta http-equiv="Content-Type" content="text/html;charset=utf-8" />
  <meta name='ocr-system' content='tesseract 3.04.00' />
  <meta name='ocr-capabilities' content='ocr_page ocr_carea ocr_par ocr_line ocrx_word'/>
</head>
<body>
  <div class='ocr_page' id='page_1' title='image "./johanniswyclift00mattgoog_0403.png"; bbox 0 0 3008 5026; ppageno 0'>
   <div class='ocr_carea' id='block_1_1' title="bbox 651 378 1313 466">
    <p class='ocr_par' dir='ltr' id='par_1_1' title="bbox 651 378 1313 466">
     <span class='ocr_line' id='line_1_1' title="bbox 651 378 1313 466; baseline -0.018 -17"><span class='ocrx_word' id='word_1_1' title='bbox 651 398 823 450; x_wconf 73' lang='lat' dir='ltr'>Jonnnnrs</span> <span class='ocrx_word' id='word_1_2' title='bbox 843 398 982 449; x_wconf 71' lang='lat' dir='ltr'>wicun</span> <span class='ocrx_word' id='word_1_3' title='bbox 1163 378 1245 466; x_wconf 71' lang='lat' dir='ltr'>[cnr.</span> <span class='ocrx_word' id='word_1_4' title='bbox 1266 395 1313 439; x_wconf 86' lang='lat' dir='ltr'>xn.</span> 
     </span>
    </p>
   </div>
   <div class='ocr_carea' id='block_1_2' title="bbox 123 553 1403 3794">
    <p class='ocr_par' dir='ltr' id='par_1_2' title="bbox 174 553 1403 1473">
     <span class='ocr_line' id='line_1_2' title="bbox 326 553 1313 638; baseline 0.001 -22"><span class='ocrx_word' id='word_1_5' title='bbox 326 553 453 637; x_wconf 92' lang='lat' dir='ltr'>quibus</span> <span class='ocrx_word' id='word_1_6' title='bbox 487 554 672 638; x_wconf 86' lang='lat' dir='ltr'>obliquant</span> <span class='ocrx_word' id='word_1_7' title='bbox 695 577 714 619; x_wconf 92' lang='lat' dir='ltr'>a</span> <span class='ocrx_word' id='word_1_8' title='bbox 741 554 893 638; x_wconf 86' lang='lat' dir='ltr'>christo,</span> <span class='ocrx_word' id='word_1_9' title='bbox 928 555 1092 618; x_wconf 89' lang='lat' dir='ltr'>addendo</span> <span class='ocrx_word' id='word_1_10' title='bbox 1125 554 1313 633; x_wconf 66' lang='lat' dir='ltr'>fallaciam</span> 
     </span>
     <span class='ocr_line' id='line_1_3' title="bbox 324 657 1315 743; baseline 0.001 -22"><span class='ocrx_word' id='word_1_11' title='bbox 324 657 399 741; x_wconf 91' lang='lat' dir='ltr'>Ipsi</span> <span class='ocrx_word' id='word_1_12' title='bbox 424 658 474 721; x_wconf 92' lang='lat' dir='ltr'>sic</span> <span class='ocrx_word' id='word_1_13' title='bbox 492 669 699 742; x_wconf 89' lang='lat' dir='ltr'>sequuntur,</span> <span class='ocrx_word' id='word_1_14' title='bbox 723 660 832 743; x_wconf 85' lang='lat' dir='ltr'>igitur</span> <span class='ocrx_word' id='word_1_15' title='bbox 853 679 925 723; x_wconf 86' lang='lat' dir='ltr'>nos</span> <span class='ocrx_word' id='word_1_16' title='bbox 940 678 1131 742; x_wconf 91' lang='lat' dir='ltr'>possumus</span> <span class='ocrx_word' id='word_1_17' title='bbox 1153 659 1250 723; x_wconf 91' lang='lat' dir='ltr'>licite</span> <span class='ocrx_word' id='word_1_18' title='bbox 1276 680 1315 723; x_wconf 92' lang='lat' dir='ltr'>ac</span> 
     </span>
     <span class='ocr_line' id='line_1_4' title="bbox 325 762 1314 849; baseline 0.002 -24"><span class='ocrx_word' id='word_1_19' title='bbox 325 762 504 826; x_wconf 89' lang='lat' dir='ltr'>meritorie</span> <span class='ocrx_word' id='word_1_20' title='bbox 528 763 578 826; x_wconf 93' lang='lat' dir='ltr'>sic</span> <span class='ocrx_word' id='word_1_21' title='bbox 596 764 700 828; x_wconf 90' lang='lat' dir='ltr'>viare.</span> <span class='ocrx_word' id='word_1_22' title='bbox 723 765 769 828; x_wconf 90' lang='lat' dir='ltr'>Et</span> <span class='ocrx_word' id='word_1_23' title='bbox 793 765 953 846; x_wconf 89' lang='lat' dir='ltr'>sequitur</span> <span class='ocrx_word' id='word_1_24' title='bbox 975 773 1130 846; x_wconf 92' lang='lat' dir='ltr'>punctus</span> <span class='ocrx_word' id='word_1_25' title='bbox 1151 764 1314 849; x_wconf 65' lang='lat' dir='ltr'>fallacie}</span> 
     </span>
     <span class='ocr_line' id='line_1_5' title="bbox 327 867 1403 952; baseline -0.005 -21"><span class='ocrx_word' id='word_1_26' title='bbox 327 870 467 949; x_wconf 90' lang='lat' dir='ltr'>quando</span> <span class='ocrx_word' id='word_1_27' title='bbox 493 868 725 946; x_wconf 87' lang='lat' dir='ltr'>concluditur,</span> <span class='ocrx_word' id='word_1_28' title='bbox 747 868 857 952; x_wconf 83' lang='lat' dir='ltr'>igitur</span> <span class='ocrx_word' id='word_1_29' title='bbox 873 869 918 931; x_wconf 90' lang='lat' dir='ltr'>de</span> <span class='ocrx_word' id='word_1_30' title='bbox 942 867 1037 931; x_wconf 87' lang='lat' dir='ltr'>facto</span> <span class='ocrx_word' id='word_1_31' title='bbox 1054 888 1120 931; x_wconf 90' lang='lat' dir='ltr'>nos</span> <span class='ocrx_word' id='word_1_32' title='bbox 1137 869 1315 931; x_wconf 90' lang='lat' dir='ltr'>servando</span> <span class='ocrx_word' id='word_1_33' title='bbox 1345 873 1403 941; x_wconf 72' lang='lat'>245·</span> 
     </span>
     <span class='ocr_line' id='line_1_6' title="bbox 325 972 1342 1055; baseline 0 -21"><span class='ocrx_word' id='word_1_34' title='bbox 325 980 483 1035; x_wconf 88' lang='lat' dir='ltr'>naturam</span> <span class='ocrx_word' id='word_1_35' title='bbox 508 972 627 1055; x_wconf 91' lang='lat' dir='ltr'>operis</span> <span class='ocrx_word' id='word_1_36' title='bbox 651 973 734 1037; x_wconf 90' lang='lat' dir='ltr'>licet</span> <span class='ocrx_word' id='word_1_37' title='bbox 757 973 864 1036; x_wconf 92' lang='lat' dir='ltr'>modo</span> <span class='ocrx_word' id='word_1_38' title='bbox 888 973 1065 1035; x_wconf 90' lang='lat' dir='ltr'>contrario</span> <span class='ocrx_word' id='word_1_39' title='bbox 1090 992 1157 1035; x_wconf 91' lang='lat' dir='ltr'>nec</span> <span class='ocrx_word' id='word_1_40' title='bbox 1184 973 1342 1036; x_wconf 84' lang='lat' dir='ltr'>iniuste5</span> 
     </span>
     <span class='ocr_line' id='line_1_7' title="bbox 325 1075 1317 1160; baseline 0.003 -23"><span class='ocrx_word' id='word_1_41' title='bbox 325 1075 473 1141; x_wconf 84' lang='lat' dir='ltr'>facimus</span> <span class='ocrx_word' id='word_1_42' title='bbox 504 1096 571 1140; x_wconf 89' lang='lat' dir='ltr'>nec</span> <span class='ocrx_word' id='word_1_43' title='bbox 603 1097 804 1160; x_wconf 82' lang='lat' dir='ltr'>peccamus.</span> <span class='ocrx_word' id='word_1_44' title='bbox 843 1077 989 1141; x_wconf 87' lang='lat' dir='ltr'>Revera</span> <span class='ocrx_word' id='word_1_45' title='bbox 1016 1078 1225 1160; x_wconf 84' lang='lat' dir='ltr'>prevalente</span> <span class='ocrx_word' id='word_1_46' title='bbox 1249 1077 1317 1141; x_wconf 89' lang='lat' dir='ltr'>ista</span> 
     </span>
     <span class='ocr_line' id='line_1_8' title="bbox 326 1179 1318 1264; baseline 0.004 -23"><span class='ocrx_word' id='word_1_47' title='bbox 326 1179 463 1243; x_wconf 85' lang='lat' dir='ltr'>fallacia</span> <span class='ocrx_word' id='word_1_48' title='bbox 486 1180 612 1245; x_wconf 91' lang='lat' dir='ltr'>liceret</span> <span class='ocrx_word' id='word_1_49' title='bbox 637 1182 782 1245; x_wconf 82' lang='lat' dir='ltr'>cuilibet</span> <span class='ocrx_word' id='word_1_50' title='bbox 802 1181 974 1264; x_wconf 87' lang='lat' dir='ltr'>religioso</span> <span class='ocrx_word' id='word_1_51' title='bbox 991 1181 1149 1264; x_wconf 89' lang='lat' dir='ltr'>qualibet</span> <span class='ocrx_word' id='word_1_52' title='bbox 1165 1181 1318 1246; x_wconf 86' lang='lat' dir='ltr'>seculari</span> 
     </span>
     <span class='ocr_line' id='line_1_9' title="bbox 327 1285 929 1369; baseline 0.005 -22"><span class='ocrx_word' id='word_1_53' title='bbox 327 1285 400 1348; x_wconf 92' lang='lat' dir='ltr'>vita</span> <span class='ocrx_word' id='word_1_54' title='bbox 422 1285 694 1369; x_wconf 90' lang='lat' dir='ltr'>quomodolibet</span> <span class='ocrx_word' id='word_1_55' title='bbox 717 1285 929 1351; x_wconf 86' lang='lat' dir='ltr'>conversari.</span> 
     </span>
     <span class='ocr_line' id='line_1_10' title="bbox 174 1388 1317 1473; baseline 0.001 -21"><span class='ocrx_word' id='word_1_56' title='bbox 174 1401 247 1463; x_wconf 63' lang='lat' dir='ltr'>What</span> <span class='ocrx_word' id='word_1_57' title='bbox 371 1390 458 1453; x_wconf 92' lang='lat' dir='ltr'>Ideo</span> <span class='ocrx_word' id='word_1_58' title='bbox 492 1389 571 1453; x_wconf 90' lang='lat' dir='ltr'>talis</span> <span class='ocrx_word' id='word_1_59' title='bbox 608 1389 857 1472; x_wconf 84' lang='lat' dir='ltr'>evangelizans</span> <span class='ocrx_word' id='word_1_60' title='bbox 899 1389 1101 1473; x_wconf 88' lang='lat' dir='ltr'>predicaret</span> <span class='ocrx_word' id='word_1_61' title='bbox 1138 1388 1246 1453; x_wconf 92' lang='lat' dir='ltr'>vitam</span> <span class='ocrx_word' id='word_1_62' title='bbox 1282 1400 1317 1453; x_wconf 93' lang='lat' dir='ltr'>et</span> 
     </span>
    </p>

    <p class='ocr_par' dir='ltr' id='par_1_3' title="bbox 143 1457 1376 3659">
     <span class='ocr_line' id='line_1_11' title="bbox 143 1457 1363 1578; baseline -0.004 -20"><span class='ocrx_word' id='word_1_63' title='bbox 143 1457 280 1553; x_wconf 45' lang='lat' dir='ltr'>&amp;iiiiii</span> <span class='ocrx_word' id='word_1_64' title='bbox 327 1494 523 1558; x_wconf 88' lang='lat' dir='ltr'>doctrinam</span> <span class='ocrx_word' id='word_1_65' title='bbox 556 1494 698 1573; x_wconf 82' lang='lat' dir='ltr'>Christi,</span> <span class='ocrx_word' id='word_1_66' title='bbox 736 1495 770 1558; x_wconf 95' lang='lat' dir='ltr'>in</span> <span class='ocrx_word' id='word_1_67' title='bbox 804 1517 875 1578; x_wconf 94' lang='lat' dir='ltr'>qua</span> <span class='ocrx_word' id='word_1_68' title='bbox 912 1515 984 1559; x_wconf 94' lang='lat' dir='ltr'>non</span> <span class='ocrx_word' id='word_1_69' title='bbox 1023 1503 1079 1558; x_wconf 93' lang='lat' dir='ltr'>est</span> <span class='ocrx_word' id='word_1_70' title='bbox 1110 1495 1317 1577; x_wconf 88' lang='lat' dir='ltr'>periculum.</span> <span class='ocrx_word' id='word_1_71' title='bbox 1334 1523 1363 1554; x_wconf 86' lang='lat' dir='ltr'>lo</span> 
     </span>
     <span class='ocr_line' id='line_1_12' title="bbox 328 1599 1318 1683; baseline -0.001 -18"><span class='ocrx_word' id='word_1_72' title='bbox 328 1599 495 1665; x_wconf 90' lang='lat' dir='ltr'>Secundo</span> <span class='ocrx_word' id='word_1_73' title='bbox 520 1609 721 1683; x_wconf 81' lang='lat' dir='ltr'>exponeret</span> <span class='ocrx_word' id='word_1_74' title='bbox 760 1600 939 1683; x_wconf 94' lang='lat' dir='ltr'>quomodo</span> <span class='ocrx_word' id='word_1_75' title='bbox 968 1608 1122 1681; x_wconf 89' lang='lat' dir='ltr'>sanctus,</span> <span class='ocrx_word' id='word_1_76' title='bbox 1152 1600 1209 1662; x_wconf 94' lang='lat' dir='ltr'>cui</span> <span class='ocrx_word' id='word_1_77' title='bbox 1232 1600 1318 1664; x_wconf 91' lang='lat' dir='ltr'>inni·</span> 
     </span>
     <span class='ocr_line' id='line_1_13' title="bbox 328 1704 1319 1788; baseline -0.001 -19"><span class='ocrx_word' id='word_1_78' title='bbox 328 1704 413 1769; x_wconf 91' lang='lat' dir='ltr'>titur</span> <span class='ocrx_word' id='word_1_79' title='bbox 435 1725 506 1768; x_wconf 92' lang='lat' dir='ltr'>non</span> <span class='ocrx_word' id='word_1_80' title='bbox 529 1705 564 1768; x_wconf 95' lang='lat' dir='ltr'>in</span> <span class='ocrx_word' id='word_1_81' title='bbox 587 1705 670 1788; x_wconf 83' lang='lat' dir='ltr'>lege</span> <span class='ocrx_word' id='word_1_82' title='bbox 700 1725 805 1787; x_wconf 92' lang='lat' dir='ltr'>quam</span> <span class='ocrx_word' id='word_1_83' title='bbox 830 1704 989 1770; x_wconf 90' lang='lat' dir='ltr'>Christus</span> <span class='ocrx_word' id='word_1_84' title='bbox 1018 1704 1180 1783; x_wconf 87' lang='lat' dir='ltr'>instituit,</span> <span class='ocrx_word' id='word_1_85' title='bbox 1214 1705 1319 1768; x_wconf 91' lang='lat' dir='ltr'>decli·</span> 
     </span>
     <span class='ocr_line' id='line_1_14' title="bbox 327 1809 1318 1887; baseline 0 -14"><span class='ocrx_word' id='word_1_86' title='bbox 327 1811 436 1887; x_wconf 86' lang='lat' dir='ltr'>navit,</span> <span class='ocrx_word' id='word_1_87' title='bbox 469 1809 581 1873; x_wconf 89' lang='lat' dir='ltr'>tercio</span> <span class='ocrx_word' id='word_1_88' title='bbox 616 1810 858 1873; x_wconf 88' lang='lat' dir='ltr'>consideraret</span> <span class='ocrx_word' id='word_1_89' title='bbox 890 1809 920 1872; x_wconf 94' lang='lat' dir='ltr'>si</span> <span class='ocrx_word' id='word_1_90' title='bbox 951 1810 1094 1873; x_wconf 93' lang='lat' dir='ltr'>modum</span> <span class='ocrx_word' id='word_1_91' title='bbox 1127 1809 1176 1873; x_wconf 92' lang='lat' dir='ltr'>ita</span> <span class='ocrx_word' id='word_1_92' title='bbox 1203 1810 1318 1873; x_wconf 91' lang='lat' dir='ltr'>lauda·</span> 
     </span>
     <span class='ocr_line' id='line_1_15' title="bbox 328 1913 1319 1997; baseline 0 -20"><span class='ocrx_word' id='word_1_93' title='bbox 328 1915 436 1979; x_wconf 89' lang='lat' dir='ltr'>bilem</span> <span class='ocrx_word' id='word_1_94' title='bbox 471 1916 563 1978; x_wconf 90' lang='lat' dir='ltr'>sicut</span> <span class='ocrx_word' id='word_1_95' title='bbox 595 1913 761 1980; x_wconf 87' lang='lat' dir='ltr'>fecerunt</span> <span class='ocrx_word' id='word_1_96' title='bbox 792 1914 942 1997; x_wconf 92' lang='lat' dir='ltr'>patroni,</span> <span class='ocrx_word' id='word_1_97' title='bbox 977 1913 1107 1997; x_wconf 90' lang='lat' dir='ltr'>quibus</span> <span class='ocrx_word' id='word_1_98' title='bbox 1129 1913 1319 1992; x_wconf 92' lang='lat' dir='ltr'>innitimur,</span> 
     </span>
     <span class='ocr_line' id='line_1_16' title="bbox 330 2020 1364 2108; baseline -0.002 -24"><span class='ocrx_word' id='word_1_99' title='bbox 330 2022 572 2102; x_wconf 88' lang='lat' dir='ltr'>observamus,</span> <span class='ocrx_word' id='word_1_100' title='bbox 597 2025 679 2108; x_wconf 91' lang='lat' dir='ltr'>quia</span> <span class='ocrx_word' id='word_1_101' title='bbox 702 2042 781 2086; x_wconf 92' lang='lat' dir='ltr'>cum</span> <span class='ocrx_word' id='word_1_102' title='bbox 796 2022 898 2085; x_wconf 93' lang='lat' dir='ltr'>Deus</span> <span class='ocrx_word' id='word_1_103' title='bbox 913 2030 1158 2085; x_wconf 89' lang='lat' dir='ltr'>remunerator</span> <span class='ocrx_word' id='word_1_104' title='bbox 1181 2029 1238 2084; x_wconf 89' lang='lat' dir='ltr'>est</span> <span class='ocrx_word' id='word_1_105' title='bbox 1262 2020 1364 2084; x_wconf 80' lang='lat' dir='ltr'>ad-15</span> 
     </span>
     <span class='ocr_line' id='line_1_17' title="bbox 330 2126 1320 2209; baseline 0.001 -21"><span class='ocrx_word' id='word_1_106' title='bbox 330 2126 546 2205; x_wconf 91' lang='lat' dir='ltr'>verbiorum,</span> <span class='ocrx_word' id='word_1_107' title='bbox 556 2130 683 2193; x_wconf 92' lang='lat' dir='ltr'>modus</span> <span class='ocrx_word' id='word_1_108' title='bbox 694 2136 750 2193; x_wconf 91' lang='lat' dir='ltr'>est</span> <span class='ocrx_word' id='word_1_109' title='bbox 759 2127 911 2191; x_wconf 89' lang='lat' dir='ltr'>maxime</span> <span class='ocrx_word' id='word_1_110' title='bbox 923 2127 1174 2198; x_wconf 90' lang='lat' dir='ltr'>attendendus;</span> <span class='ocrx_word' id='word_1_111' title='bbox 1193 2135 1320 2209; x_wconf 88' lang='lat' dir='ltr'>quarto</span> 
     </span>
     <span class='ocr_line' id='line_1_18' title="bbox 330 2231 1322 2315; baseline 0.002 -22"><span class='ocrx_word' id='word_1_112' title='bbox 330 2250 418 2294; x_wconf 89' lang='lat' dir='ltr'>vero</span> <span class='ocrx_word' id='word_1_113' title='bbox 451 2233 759 2297; x_wconf 87' lang='lat' dir='ltr'>consideraremus</span> <span class='ocrx_word' id='word_1_114' title='bbox 790 2234 827 2296; x_wconf 94' lang='lat' dir='ltr'>in</span> <span class='ocrx_word' id='word_1_115' title='bbox 849 2231 932 2295; x_wconf 86' lang='lat' dir='ltr'>vitis</span> <span class='ocrx_word' id='word_1_116' title='bbox 960 2240 1110 2315; x_wconf 89' lang='lat' dir='ltr'>patrum,</span> <span class='ocrx_word' id='word_1_117' title='bbox 1145 2231 1174 2294; x_wconf 93' lang='lat' dir='ltr'>si</span> <span class='ocrx_word' id='word_1_118' title='bbox 1198 2239 1322 2314; x_wconf 91' lang='lat' dir='ltr'>patres</span> 
     </span>
     <span class='ocr_line' id='line_1_19' title="bbox 331 2335 1322 2420; baseline 0 -23"><span class='ocrx_word' id='word_1_119' title='bbox 331 2336 443 2399; x_wconf 89' lang='lat' dir='ltr'>nostri</span> <span class='ocrx_word' id='word_1_120' title='bbox 454 2337 588 2400; x_wconf 90' lang='lat' dir='ltr'>ordinis</span> <span class='ocrx_word' id='word_1_121' title='bbox 599 2337 749 2420; x_wconf 89' lang='lat' dir='ltr'>spissius</span> <span class='ocrx_word' id='word_1_122' title='bbox 760 2337 928 2400; x_wconf 85' lang='lat' dir='ltr'>vixerunt</span> <span class='ocrx_word' id='word_1_123' title='bbox 939 2345 976 2399; x_wconf 92' lang='lat' dir='ltr'>et</span> <span class='ocrx_word' id='word_1_124' title='bbox 988 2335 1160 2413; x_wconf 90' lang='lat' dir='ltr'>sanccius,</span> <span class='ocrx_word' id='word_1_125' title='bbox 1178 2336 1322 2418; x_wconf 91' lang='lat' dir='ltr'>quando</span> 
     </span>
     <span class='ocr_line' id='line_1_20' title="bbox 332 2438 1325 2525; baseline -0.003 -22"><span class='ocrx_word' id='word_1_126' title='bbox 332 2439 498 2504; x_wconf 91' lang='lat' dir='ltr'>viventes</span> <span class='ocrx_word' id='word_1_127' title='bbox 523 2441 806 2525; x_wconf 87' lang='lat' dir='ltr'>exproprietarie</span> <span class='ocrx_word' id='word_1_128' title='bbox 823 2449 861 2504; x_wconf 91' lang='lat' dir='ltr'>et</span> <span class='ocrx_word' id='word_1_129' title='bbox 880 2439 984 2504; x_wconf 90' lang='lat' dir='ltr'>nobis</span> <span class='ocrx_word' id='word_1_130' title='bbox 1010 2438 1184 2504; x_wconf 89' lang='lat' dir='ltr'>contrarie</span> <span class='ocrx_word' id='word_1_131' title='bbox 1208 2439 1325 2502; x_wconf 91' lang='lat' dir='ltr'>secuti</span> 
     </span>
     <span class='ocr_line' id='line_1_21' title="bbox 332 2543 1369 2610; baseline -0.002 -4"><span class='ocrx_word' id='word_1_132' title='bbox 332 2553 415 2607; x_wconf 90' lang='lat' dir='ltr'>sunt</span> <span class='ocrx_word' id='word_1_133' title='bbox 430 2544 567 2610; x_wconf 84' lang='lat' dir='ltr'>facilius</span> <span class='ocrx_word' id='word_1_134' title='bbox 587 2555 624 2610; x_wconf 92' lang='lat' dir='ltr'>et</span> <span class='ocrx_word' id='word_1_135' title='bbox 640 2546 786 2610; x_wconf 92' lang='lat' dir='ltr'>similius</span> <span class='ocrx_word' id='word_1_136' title='bbox 802 2546 1023 2610; x_wconf 77' lang='lat' dir='ltr'>salvatorem.</span> <span class='ocrx_word' id='word_1_137' title='bbox 1048 2544 1213 2607; x_wconf 90' lang='lat' dir='ltr'>Modicus</span> <span class='ocrx_word' id='word_1_138' title='bbox 1231 2543 1323 2607; x_wconf 89' lang='lat' dir='ltr'>enim</span> <span class='ocrx_word' id='word_1_139' title='bbox 1339 2569 1369 2602; x_wconf 67' lang='grc' dir='ltr'>ιο</span> 
     </span>
     <span class='ocr_line' id='line_1_22' title="bbox 334 2647 1324 2734; baseline -0.002 -22"><span class='ocrx_word' id='word_1_140' title='bbox 334 2668 441 2729; x_wconf 90' lang='lat' dir='ltr'>error,</span> <span class='ocrx_word' id='word_1_141' title='bbox 475 2652 534 2734; x_wconf 92' lang='lat' dir='ltr'>qui</span> <span class='ocrx_word' id='word_1_142' title='bbox 569 2661 625 2716; x_wconf 91' lang='lat' dir='ltr'>est</span> <span class='ocrx_word' id='word_1_143' title='bbox 654 2652 869 2716; x_wconf 90' lang='lat' dir='ltr'>insensibilis</span> <span class='ocrx_word' id='word_1_144' title='bbox 894 2671 940 2714; x_wconf 87' lang='lat' dir='ltr'>ex</span> <span class='ocrx_word' id='word_1_145' title='bbox 972 2649 1149 2733; x_wconf 90' lang='lat' dir='ltr'>pravitate</span> <span class='ocrx_word' id='word_1_146' title='bbox 1172 2647 1324 2731; x_wconf 91' lang='lat' dir='ltr'>peccati,</span> 
     </span>
     <span class='ocr_line' id='line_1_23' title="bbox 335 2753 1325 2821; baseline -0.001 -4"><span class='ocrx_word' id='word_1_147' title='bbox 335 2763 461 2818; x_wconf 85' lang='lat' dir='ltr'>estex</span> <span class='ocrx_word' id='word_1_148' title='bbox 485 2757 653 2821; x_wconf 92' lang='lat' dir='ltr'>continuo</span> <span class='ocrx_word' id='word_1_149' title='bbox 685 2758 905 2821; x_wconf 88' lang='lat' dir='ltr'>incremento</span> <span class='ocrx_word' id='word_1_150' title='bbox 934 2755 1104 2818; x_wconf 86' lang='lat' dir='ltr'>sensibile</span> <span class='ocrx_word' id='word_1_151' title='bbox 1128 2761 1166 2817; x_wconf 91' lang='lat' dir='ltr'>et</span> <span class='ocrx_word' id='word_1_152' title='bbox 1187 2753 1325 2817; x_wconf 90' lang='lat' dir='ltr'>intolle-</span> 
     </span>
     <span class='ocr_line' id='line_1_24' title="bbox 333 2858 1325 2943; baseline -0.002 -22"><span class='ocrx_word' id='word_1_153' title='bbox 333 2859 445 2922; x_wconf 91' lang='lat' dir='ltr'>rabile</span> <span class='ocrx_word' id='word_1_154' title='bbox 477 2870 674 2943; x_wconf 86' lang='lat' dir='ltr'>peccatum,</span> <span class='ocrx_word' id='word_1_155' title='bbox 712 2882 730 2924; x_wconf 88' lang='lat' dir='ltr'>a</span> <span class='ocrx_word' id='word_1_156' title='bbox 762 2870 839 2925; x_wconf 91' lang='lat' dir='ltr'>tota</span> <span class='ocrx_word' id='word_1_157' title='bbox 873 2859 1026 2923; x_wconf 91' lang='lat' dir='ltr'>ecclesia</span> <span class='ocrx_word' id='word_1_158' title='bbox 1057 2858 1325 2932; x_wconf 92' lang='lat' dir='ltr'>destruendum,</span> 
     </span>
     <span class='ocr_line' id='line_1_25' title="bbox 336 2962 1325 3049; baseline -0.001 -24"><span class='ocrx_word' id='word_1_159' title='bbox 336 2963 428 3027; x_wconf 90' lang='lat' dir='ltr'>sicut</span> <span class='ocrx_word' id='word_1_160' title='bbox 451 2966 654 3047; x_wconf 88' lang='lat' dir='ltr'>specialiter</span> <span class='ocrx_word' id='word_1_161' title='bbox 676 2975 777 3049; x_wconf 88' lang='lat' dir='ltr'>patet</span> <span class='ocrx_word' id='word_1_162' title='bbox 800 2966 835 3028; x_wconf 92' lang='lat' dir='ltr'>in</span> <span class='ocrx_word' id='word_1_163' title='bbox 853 2963 1043 3028; x_wconf 91' lang='lat' dir='ltr'>dotacione</span> <span class='ocrx_word' id='word_1_164' title='bbox 1067 2962 1229 3043; x_wconf 87' lang='lat' dir='ltr'>ecclesie,</span> <span class='ocrx_word' id='word_1_165' title='bbox 1253 2982 1325 3044; x_wconf 91' lang='lat' dir='ltr'>que</span> 
     </span>
     <span class='ocr_line' id='line_1_26' title="bbox 337 3066 1370 3133; baseline -0.003 -4"><span class='ocrx_word' id='word_1_166' title='bbox 337 3086 356 3129; x_wconf 92' lang='lat' dir='ltr'>a</span> <span class='ocrx_word' id='word_1_167' title='bbox 379 3068 474 3130; x_wconf 93' lang='lat' dir='ltr'>nuda</span> <span class='ocrx_word' id='word_1_168' title='bbox 498 3069 691 3133; x_wconf 89' lang='lat' dir='ltr'>elemosina</span> <span class='ocrx_word' id='word_1_169' title='bbox 707 3069 820 3132; x_wconf 91' lang='lat' dir='ltr'>crevit</span> <span class='ocrx_word' id='word_1_170' title='bbox 835 3068 871 3132; x_wconf 92' lang='lat' dir='ltr'>in</span> <span class='ocrx_word' id='word_1_171' title='bbox 887 3087 1108 3131; x_wconf 90' lang='lat' dir='ltr'>venenosum</span> <span class='ocrx_word' id='word_1_172' title='bbox 1123 3066 1327 3132; x_wconf 87' lang='lat' dir='ltr'>dominium.</span> <span class='ocrx_word' id='word_1_173' title='bbox 1339 3077 1370 3126; x_wconf 77' lang='lat'>25</span> 
     </span>
     <span class='ocr_line' id='line_1_27' title="bbox 337 3171 1327 3257; baseline -0.004 -20"><span class='ocrx_word' id='word_1_174' title='bbox 337 3171 397 3237; x_wconf 92' lang='lat' dir='ltr'>Sic</span> <span class='ocrx_word' id='word_1_175' title='bbox 420 3173 528 3256; x_wconf 87' lang='lat' dir='ltr'>igitur</span> <span class='ocrx_word' id='word_1_176' title='bbox 544 3176 680 3257; x_wconf 89' lang='lat' dir='ltr'>duplex</span> <span class='ocrx_word' id='word_1_177' title='bbox 695 3175 783 3237; x_wconf 92' lang='lat' dir='ltr'>illud</span> <span class='ocrx_word' id='word_1_178' title='bbox 803 3175 937 3237; x_wconf 89' lang='lat' dir='ltr'>morale</span> <span class='ocrx_word' id='word_1_179' title='bbox 953 3171 1176 3254; x_wconf 90' lang='lat' dir='ltr'>principium,</span> <span class='ocrx_word' id='word_1_180' title='bbox 1199 3172 1327 3255; x_wconf 91' lang='lat' dir='ltr'>practi-</span> 
     </span>
     <span class='ocr_line' id='line_1_28' title="bbox 338 3275 1328 3355; baseline -0.002 -15"><span class='ocrx_word' id='word_1_181' title='bbox 338 3286 451 3341; x_wconf 89' lang='lat' dir='ltr'>zatum</span> <span class='ocrx_word' id='word_1_182' title='bbox 473 3278 510 3341; x_wconf 91' lang='lat' dir='ltr'>in</span> <span class='ocrx_word' id='word_1_183' title='bbox 533 3279 591 3342; x_wconf 86' lang='lat' dir='ltr'>via</span> <span class='ocrx_word' id='word_1_184' title='bbox 613 3297 759 3355; x_wconf 89' lang='lat' dir='ltr'>morum,</span> <span class='ocrx_word' id='word_1_185' title='bbox 783 3277 1010 3342; x_wconf 88' lang='lat' dir='ltr'>retrocedere</span> <span class='ocrx_word' id='word_1_186' title='bbox 1036 3284 1091 3339; x_wconf 90' lang='lat' dir='ltr'>est</span> <span class='ocrx_word' id='word_1_187' title='bbox 1105 3275 1265 3338; x_wconf 91' lang='lat' dir='ltr'>illicitum</span> <span class='ocrx_word' id='word_1_188' title='bbox 1291 3283 1328 3338; x_wconf 91' lang='lat' dir='ltr'>et</span> 
     </span>
     <span class='ocr_line' id='line_1_29' title="bbox 338 3380 1328 3466; baseline -0.004 -21"><span class='ocrx_word' id='word_1_189' title='bbox 338 3384 383 3445; x_wconf 92' lang='lat' dir='ltr'>de</span> <span class='ocrx_word' id='word_1_190' title='bbox 407 3383 547 3446; x_wconf 93' lang='lat' dir='ltr'>duobus</span> <span class='ocrx_word' id='word_1_191' title='bbox 563 3384 667 3447; x_wconf 92' lang='lat' dir='ltr'>bonis</span> <span class='ocrx_word' id='word_1_192' title='bbox 685 3393 739 3447; x_wconf 90' lang='lat' dir='ltr'>est</span> <span class='ocrx_word' id='word_1_193' title='bbox 755 3384 882 3466; x_wconf 91' lang='lat' dir='ltr'>pocius</span> <span class='ocrx_word' id='word_1_194' title='bbox 899 3391 936 3445; x_wconf 93' lang='lat' dir='ltr'>et</span> <span class='ocrx_word' id='word_1_195' title='bbox 956 3380 1093 3445; x_wconf 86' lang='lat' dir='ltr'>facilius</span> <span class='ocrx_word' id='word_1_196' title='bbox 1111 3380 1328 3463; x_wconf 85' lang='lat' dir='ltr'>eligendum,</span> 
     </span>
     <span class='ocr_line' id='line_1_30' title="bbox 337 3485 1329 3562; baseline -0.004 -11"><span class='ocrx_word' id='word_1_197' title='bbox 337 3488 553 3552; x_wconf 90' lang='lat' dir='ltr'>rectificaret</span> <span class='ocrx_word' id='word_1_198' title='bbox 584 3498 694 3552; x_wconf 86' lang='lat' dir='ltr'>totam</span> <span class='ocrx_word' id='word_1_199' title='bbox 728 3487 929 3562; x_wconf 80' lang='lat' dir='ltr'>ecclesiam3</span> <span class='ocrx_word' id='word_1_200' title='bbox 962 3486 1044 3548; x_wconf 91' lang='lat' dir='ltr'>ideo</span> <span class='ocrx_word' id='word_1_201' title='bbox 1074 3485 1151 3548; x_wconf 90' lang='lat' dir='ltr'>sine</span> <span class='ocrx_word' id='word_1_202' title='bbox 1181 3505 1329 3548; x_wconf 89' lang='lat' dir='ltr'>excusa·</span> 
     </span>
     <span class='ocr_line' id='line_1_31' title="bbox 340 3590 1376 3659; baseline -0.007 -4"><span class='ocrx_word' id='word_1_203' title='bbox 340 3593 442 3656; x_wconf 91' lang='lat' dir='ltr'>cione</span> <span class='ocrx_word' id='word_1_204' title='bbox 457 3595 628 3659; x_wconf 90' lang='lat' dir='ltr'>debemus</span> <span class='ocrx_word' id='word_1_205' title='bbox 644 3614 767 3657; x_wconf 89' lang='lat' dir='ltr'>omnes</span> <span class='ocrx_word' id='word_1_206' title='bbox 784 3592 1017 3657; x_wconf 90' lang='lat' dir='ltr'>effectualiter</span> <span class='ocrx_word' id='word_1_207' title='bbox 1033 3591 1118 3653; x_wconf 92' lang='lat' dir='ltr'>illud</span> <span class='ocrx_word' id='word_1_208' title='bbox 1133 3590 1329 3654; x_wconf 86' lang='lat' dir='ltr'>attendere.</span> <span class='ocrx_word' id='word_1_209' title='bbox 1342 3600 1376 3650; x_wconf 82' lang='lat'>30</span> 
     </span>
    </p>

    <p class='ocr_par' dir='ltr' id='par_1_4' title="bbox 123 3695 1330 3794">
     <span class='ocr_line' id='line_1_32' title="bbox 123 3695 1330 3794; baseline -0.006 -30"><span class='ocrx_word' id='word_1_210' title='bbox 123 3695 328 3794; x_wconf 33' lang='lat' dir='ltr'>Cffssssmffl‘d·</span> <span class='ocrx_word' id='word_1_211' title='bbox 383 3696 457 3763; x_wconf 90' lang='lat' dir='ltr'>Sed</span> <span class='ocrx_word' id='word_1_212' title='bbox 489 3700 672 3762; x_wconf 90' lang='lat' dir='ltr'>redeundo</span> <span class='ocrx_word' id='word_1_213' title='bbox 697 3708 866 3782; x_wconf 89' lang='lat' dir='ltr'>quantum</span> <span class='ocrx_word' id='word_1_214' title='bbox 900 3698 943 3760; x_wconf 91' lang='lat' dir='ltr'>ad</span> <span class='ocrx_word' id='word_1_215' title='bbox 967 3697 1158 3761; x_wconf 92' lang='lat' dir='ltr'>secundam</span> <span class='ocrx_word' id='word_1_216' title='bbox 1188 3703 1330 3758; x_wconf 90' lang='lat' dir='ltr'>senten·</span> 
     </span>
    </p>
   </div>
   <div class='ocr_carea' id='block_1_3' title="bbox 342 3799 1332 3991">
    <p class='ocr_par' dir='ltr' id='par_1_5' title="bbox 342 3799 1332 3991">
     <span class='ocr_line' id='line_1_33' title="bbox 342 3799 1329 3884; baseline -0.004 -19"><span class='ocrx_word' id='word_1_217' title='bbox 342 3802 429 3866; x_wconf 90' lang='lat' dir='ltr'>ciam</span> <span class='ocrx_word' id='word_1_218' title='bbox 463 3804 507 3866; x_wconf 92' lang='lat' dir='ltr'>de</span> <span class='ocrx_word' id='word_1_219' title='bbox 540 3804 754 3868; x_wconf 90' lang='lat' dir='ltr'>necessitate</span> <span class='ocrx_word' id='word_1_220' title='bbox 785 3805 907 3884; x_wconf 82' lang='lat' dir='ltr'>legum</span> <span class='ocrx_word' id='word_1_221' title='bbox 940 3799 1102 3879; x_wconf 91' lang='lat' dir='ltr'>ecclesie,</span> <span class='ocrx_word' id='word_1_222' title='bbox 1140 3807 1242 3882; x_wconf 90' lang='lat' dir='ltr'>patet</span> <span class='ocrx_word' id='word_1_223' title='bbox 1281 3819 1329 3861; x_wconf 85' lang='lat' dir='ltr'>ex</span> 
     </span>
     <span class='ocr_line' id='line_1_34' title="bbox 342 3903 1332 3991; baseline -0.003 -22"><span class='ocrx_word' id='word_1_224' title='bbox 342 3926 431 3989; x_wconf 90' lang='lat' dir='ltr'>sepe</span> <span class='ocrx_word' id='word_1_225' title='bbox 456 3908 569 3985; x_wconf 90' lang='lat' dir='ltr'>dictis,</span> <span class='ocrx_word' id='word_1_226' title='bbox 594 3910 690 3991; x_wconf 93' lang='lat' dir='ltr'>quod</span> <span class='ocrx_word' id='word_1_227' title='bbox 713 3907 839 3971; x_wconf 90' lang='lat' dir='ltr'>melius</span> <span class='ocrx_word' id='word_1_228' title='bbox 862 3914 1050 3989; x_wconf 85' lang='lat' dir='ltr'>regeretur</span> <span class='ocrx_word' id='word_1_229' title='bbox 1071 3903 1223 3968; x_wconf 90' lang='lat' dir='ltr'>ecclesia</span> <span class='ocrx_word' id='word_1_230' title='bbox 1242 3924 1332 3987; x_wconf 91' lang='lat' dir='ltr'>pura</span> 
     </span>
    </p>
   </div>
   <div class='ocr_carea' id='block_1_4' title="bbox 344 4144 1336 4418">
    <p class='ocr_par' dir='ltr' id='par_1_6' title="bbox 344 4144 1336 4418">
     <span class='ocr_line' id='line_1_35' title="bbox 397 4144 1333 4203; baseline -0.003 -13"><span class='ocrx_word' id='word_1_231' title='bbox 397 4159 414 4190; x_wconf 83' lang='lat'>1.</span> <span class='ocrx_word' id='word_1_232' title='bbox 430 4146 459 4190; x_wconf 83' lang='lat' dir='ltr'>B:</span> <span class='ocrx_word' id='word_1_233' title='bbox 474 4147 591 4201; x_wconf 72' lang='lat' dir='ltr'>obligant.</span> <span class='ocrx_word' id='word_1_234' title='bbox 645 4159 666 4203; x_wconf 90' lang='lat'>9.</span> <span class='ocrx_word' id='word_1_235' title='bbox 684 4145 759 4191; x_wconf 88' lang='lat' dir='ltr'>Codd.</span> <span class='ocrx_word' id='word_1_236' title='bbox 776 4147 798 4191; x_wconf 91' lang='lat' dir='ltr'>in</span> <span class='ocrx_word' id='word_1_237' title='bbox 815 4159 900 4202; x_wconf 57' lang='lat' dir='ltr'>marga</span> <span class='ocrx_word' id='word_1_238' title='bbox 915 4145 1094 4190; x_wconf 78' lang='lat' dir='ltr'>Predicacr&#39;onir</span> <span class='ocrx_word' id='word_1_239' title='bbox 1107 4144 1227 4188; x_wconf 78' lang='lat' dir='ltr'>medarde</span> <span class='ocrx_word' id='word_1_240' title='bbox 1237 4146 1333 4188; x_wconf 75' lang='lat' dir='ltr'>sanctis.</span> 
     </span>
     <span class='ocr_line' id='line_1_36' title="bbox 345 4213 1335 4271; baseline -0.002 -11"><span class='ocrx_word' id='word_1_241' title='bbox 345 4229 373 4260; x_wconf 85' lang='grc' dir='ltr'>ιι,</span> <span class='ocrx_word' id='word_1_242' title='bbox 403 4219 425 4260; x_wconf 86' lang='grc' dir='ltr'>Α</span> <span class='ocrx_word' id='word_1_243' title='bbox 452 4217 475 4260; x_wconf 94' lang='lat' dir='ltr'>in</span> <span class='ocrx_word' id='word_1_244' title='bbox 500 4229 587 4271; x_wconf 64' lang='lat' dir='ltr'>marra:</span> <span class='ocrx_word' id='word_1_245' title='bbox 615 4217 683 4262; x_wconf 78' lang='lat' dir='ltr'>Nota.</span> <span class='ocrx_word' id='word_1_246' title='bbox 768 4231 800 4261; x_wconf 83' lang='lat'>12.</span> <span class='ocrx_word' id='word_1_247' title='bbox 823 4218 894 4271; x_wconf 56' lang='lat' dir='ltr'>leun</span> <span class='ocrx_word' id='word_1_248' title='bbox 916 4218 981 4260; x_wconf 76' lang='lat' dir='ltr'>cod:</span> <span class='ocrx_word' id='word_1_249' title='bbox 1007 4218 1061 4271; x_wconf 66' lang='lat' dir='ltr'>hoc,</span> <span class='ocrx_word' id='word_1_250' title='bbox 1084 4215 1113 4258; x_wconf 82' lang='lat' dir='ltr'>cl.</span> <span class='ocrx_word' id='word_1_251' title='bbox 1138 4228 1161 4270; x_wconf 84' lang='lat' dir='ltr'>p.</span> <span class='ocrx_word' id='word_1_252' title='bbox 1185 4213 1230 4270; x_wconf 82' lang='lat'>339</span> <span class='ocrx_word' id='word_1_253' title='bbox 1257 4214 1273 4258; x_wconf 89' lang='lat' dir='ltr'>l.</span> <span class='ocrx_word' id='word_1_254' title='bbox 1300 4215 1335 4258; x_wconf 75' lang='lat'>16.</span> 
     </span>
     <span class='ocr_line' id='line_1_37' title="bbox 344 4285 1336 4343; baseline -0.005 -10"><span class='ocrx_word' id='word_1_255' title='bbox 344 4287 382 4333; x_wconf 83' lang='lat'>32.</span> <span class='ocrx_word' id='word_1_256' title='bbox 406 4288 483 4333; x_wconf 90' lang='lat' dir='ltr'>Codd.</span> <span class='ocrx_word' id='word_1_257' title='bbox 511 4288 533 4330; x_wconf 92' lang='lat' dir='ltr'>in</span> <span class='ocrx_word' id='word_1_258' title='bbox 563 4300 649 4341; x_wconf 62' lang='lat' dir='ltr'>mara:</span> <span class='ocrx_word' id='word_1_259' title='bbox 670 4287 734 4343; x_wconf 74' lang='lat' dir='ltr'>Lege</span> <span class='ocrx_word' id='word_1_260' title='bbox 753 4289 797 4330; x_wconf 77' lang='lat' dir='ltr'>Dei</span> <span class='ocrx_word' id='word_1_261' title='bbox 815 4289 866 4330; x_wconf 76' lang='lat' dir='ltr'>sine</span> <span class='ocrx_word' id='word_1_262' title='bbox 885 4288 993 4330; x_wconf 75' lang='lat' dir='ltr'>lrrrmam&#39;r</span> <span class='ocrx_word' id='word_1_263' title='bbox 1014 4287 1105 4342; x_wconf 71' lang='lat' dir='ltr'>legibus</span> <span class='ocrx_word' id='word_1_264' title='bbox 1126 4285 1224 4328; x_wconf 80' lang='lat' dir='ltr'>ecclesia</span> <span class='ocrx_word' id='word_1_265' title='bbox 1248 4287 1336 4339; x_wconf 80' lang='lat' dir='ltr'>optr&#39;me</span> 
     </span>
     <span class='ocr_line' id='line_1_38' title="bbox 344 4365 474 4418; baseline 0.015 -18"><span class='ocrx_word' id='word_1_266' title='bbox 344 4365 474 4418; x_wconf 79' lang='lat' dir='ltr'>regeretur.</span> 
     </span>
    </p>
   </div>
   <div class='ocr_carea' id='block_1_5' title="bbox 0 0 1530 5026">
    <p class='ocr_par' dir='ltr' id='par_1_7' title="bbox 0 0 1530 5026">
     <span class='ocr_line' id='line_1_39' title="bbox 0 0 1530 5026; baseline 0 0"><span class='ocrx_word' id='word_1_267' title='bbox 0 0 1530 5026; x_wconf 95' lang='lat' dir='ltr'> </span> 
     </span>
    </p>
   </div>
  </div>
 </body>
</html>
