3008 5026
137 377 205 423 cae.
225 369 288 449 xil-l
436 390 480 440 oF.
500 391 711 441 POTESTATE
732 392 829 442 PAPE.

138 553 174 609 et
206 547 356 608 docetur
388 547 567 629 quomodo
599 548 931 631 pseudopontifices
968 549 1003 613 in
1041 551 1125 633 lege

137 649 256 732 gracie
273 660 490 733 exsuperant
511 651 645 715 malicia
661 651 851 735 pontifices
867 653 1002 718 veteris
1019 663 1126 718 testa·

43 776 109 836 ²44⁸
137 753 256 817 menti.
277 756 282 834 1
303 754 357 818 11Ιί
385 755 477 818 enim
507 766 669 819 emerunt
690 776 815 838 agrum
839 776 918 820 cum
942 758 1036 823 dicta
1058 779 1124 842 pe-

138 857 240 921 cunia
255 860 450 923 secundum
465 860 676 944 religionem
685 860 807 925 fictam
822 864 867 926 ad
878 863 1125 945 sepeliendum

114 972 341 1045 5extraneos,
380 964 461 1046 quia
492 965 653 1047 precium
685 965 868 1048 sanguinis
899 966 985 1031 licet
1023 966 1127 1031 effusi

138 1068 233 1133 licite
257 1070 504 1134 exhorrebanu
528 1068 601 1133 Sed
623 1069 750 1134 dicitur
772 1079 915 1135 nostros
937 1072 1127 1155 pontifices

138 1174 278 1238 mittere
300 1173 336 1237 in
360 1177 552 1238 corbonam
576 1174 734 1258 precium
763 1175 918 1254 seminis,
946 1178 1043 1259 quod
1072 1185 1128 1241 est

138 1278 346 1361 preciosius,
382 1288 419 1342 et
451 1277 602 1342 effusum
635 1279 740 1343 vilius
773 1300 813 1343 ac
837 1280 1059 1364 culpabilius,
1091 1280 1128 1344 in

139 1404 209 1466 quo
235 1384 402 1448 videntur
434 1404 603 1467 superare
636 1384 803 1467 cupidine
834 1393 979 1449 veteres
1013 1406 1128 1451 sacer·

99 1490 254 1555 rodotes.
295 1488 372 1552 Nec
401 1489 545 1552 dubium
579 1489 663 1571 quin
701 1489 906 1573 symoniace
933 1492 1126 1556 vendendo

139 1593 342 1676 spiritualia,
366 1604 403 1658 et
426 1593 477 1657 sic
495 1593 682 1672 Christum,
705 1594 818 1659 nostri
837 1595 1026 1677 pontifices
1042 1616 1127 1679 pec·

140 1708 262 1762 carent
284 1698 427 1782 gravius
467 1699 627 1782 precium
660 1699 895 1782 inbursantes,
934 1709 971 1765 et
1001 1700 1053 1764 sic
1080 1700 1129 1783 (ni

138 1804 252 1884 fallor)
285 1804 483 1867 dominacio
514 1804 683 1868 secularis
715 1804 751 1867 in
783 1805 915 1869 nostris
948 1805 1128 1889 episcopis

139 1929 210 1972 non
234 1909 438 1972 fundabitur
461 1909 497 1971 in
512 1911 595 1993 lege
610 1929 705 1972 nova
720 1911 779 1972 vel
794 1909 920 1985 veteri,
944 1909 1011 1973 nisi
1033 1909 1127 1974 forte
1159 1927 1324 2024 ffiffissssss‘

99 2029 127 2079 15
139 2014 175 2077 in
191 2012 365 2095 Scarioth,
389 2013 528 2077 Anania
544 2023 580 2078 et
595 2013 753 2097 Zaphira,
777 2016 822 2078 de
843 2015 972 2097 quibus
989 2015 1067 2078 Act.
1085 2013 1128 2093 V3
1161 2032 1319 2128 prffiisceeropn

140 2119 206 2182 sed
237 2139 360 2182 omnes
391 2118 440 2182 hii
471 2130 546 2183 tres
579 2119 711 2183 exinde
740 2118 860 2183 divino
887 2118 1017 2182 iudicio
1046 2126 1129 2182 sunt
1189 2137 1295 2199 iscariot,

140 2222 257 2288 occisi
281 2222 388 2305 Quod
405 2232 521 2288 autem
537 2223 694 2288 vindicta
715 2244 810 2287 nunc
833 2244 903 2287 non
929 2222 1066 2306 capitur
1082 2224 1127 2287 de
1158 2189 1324 2298 Aiiiiiiriid

140 2327 281 2406 nostriS,
314 2337 353 2393 ut
384 2328 419 2390 in
451 2327 629 2411 primitiva
652 2328 805 2392 ecclesia
832 2329 877 2391 de
899 2328 1014 2392 minus
1037 2349 1126 2411 pec-

141 2432 314 2516 cantibus,
342 2442 466 2497 nostre
491 2434 596 2516 culpe
622 2441 657 2495 et
686 2431 790 2516 signo
813 2432 954 2496 maioris
978 2433 1130 2518 periculi

98 2558 330 2621 aopossumus
362 2537 554 2621 imputare,
587 2537 689 2602 Deus
722 2538 814 2600 enim
843 2540 1058 2620 quandoque
1082 2559 1130 2601 ex

141 2662 257 2705 amore
295 2642 530 2725 predestinati
571 2641 755 2726 peccantis
792 2642 885 2705 hunc
932 2642 1048 2726 arguit
1094 2651 1130 2707 et

141 2747 301 2831 castigat,
324 2768 502 2831 quemque
526 2757 643 2812 autem
664 2767 711 2810 ex
727 2767 845 2811 amore
861 2747 997 2830 populi,
1021 2768 1128 2830 quem

141 2853 218 2916 vult
240 2873 260 2916 a
279 2852 403 2916 toxico
419 2852 498 2916 talis
515 2854 651 2916 macule
667 2852 880 2935 preservari,
903 2871 995 2915 nunc
1012 2860 1130 2916 autem

142 2957 281 3042 signum
306 2967 362 3021 est
390 2958 488 3040 quod
517 2977 564 3020 ex
585 2955 728 3041 peccati
751 2955 938 3039 participio
971 2957 1130 3022 deseruit

99 3070 181 3127 25ut
205 3063 418 3146 desperatos
441 3071 511 3125 tam
534 3063 706 3144 populum
731 3080 835 3143 quam
857 3068 1059 3143 peccantes.
1083 3062 1130 3126 Et

142 3165 237 3231 istud
268 3166 409 3230 videtur
439 3165 543 3230 michi
581 3185 661 3229 esse
699 3169 840 3248 tempus
877 3165 1129 3248 periculosum,

142 3274 243 3355 quale
267 3292 339 3335 non
362 3270 428 3334 fuit
450 3291 469 3334 a
492 3271 613 3335 mundi
639 3269 746 3334 inicio
776 3289 796 3333 a
818 3269 960 3334 Christo
990 3281 1027 3335 et
1049 3291 1129 3354 apo·

141 3379 235 3441 stolo
277 3377 534 3461 prophetatum.
582 3375 656 3440 Vix
689 3375 782 3439 enim
820 3375 982 3440 invenies
1023 3396 1130 3440 unum

141 3482 379 3565 presbiterum
403 3484 462 3545 vel
493 3489 679 3565 potentem
708 3482 859 3565 laycum,
894 3481 955 3564 qui
987 3502 1056 3546 non
1083 3481 1130 3545 sit

99 3602 131 3651 30
141 3587 297 3652 irretitus
322 3607 432 3671 opere
455 3589 514 3649 vel
538 3606 716 3650 consensu
742 3586 994 3670 episcoporum
1011 3607 1127 3670 symo-

141 3692 220 3755 nica
242 3692 359 3757 heresi
381 3693 464 3774 plus
486 3694 545 3755 vel
569 3691 691 3756 minus.
729 3691 776 3755 Et
798 3699 900 3774 patet
923 3712 1026 3775 quam
1048 3693 1129 3754 hor·

140 3797 250 3860 renda
288 3806 344 3860 est
381 3795 543 3860 desercio
580 3796 779 3860 securitatis
823 3796 909 3859 cleri
946 3797 992 3860 de
1030 3803 1128 3860 sorte

141 3901 287 3965 Domini
298 3911 334 3965 et
356 3901 559 3984 preeleccio
577 3900 777 3966 securitatis
794 3902 980 3979 mundane,
1003 3900 1039 3963 in
1062 3920 1132 3983 qua

141 4008 292 4070 mundus
330 4006 503 4070 blasfeme
537 4006 618 4069 Deo
657 4006 878 4089 preponitur.
920 4005 997 4070 Nec
1034 4007 1132 4069 valet

195 4295 216 4340 7.
232 4285 260 4329 B:
276 4285 412 4328 car-lanam.
468 4295 505 4327 ao.
520 4281 597 4326 Codd.
612 4282 635 4325 in
652 4292 739 4336 marg:
760 4281 829 4326 Puni!
843 4280 904 4325 Deru
919 4281 992 4324 uarie.
1047 4281 1084 4326 26.
1100 4280 1129 4325 B:

141 4365 191 4397 erre
205 4357 275 4398 deest.
