3008 5026
104 393 167 469 3²8
658 400 828 453 Jounluus
848 397 987 449 wreus
1164 381 1248 462 [can
1269 391 1318 435 χιι.

130 574 292 636 nmmos
370 558 537 624 Secundo
563 559 661 641 quod
691 557 777 621 licet
809 574 933 619 omnes
960 553 1109 637 presciti
1131 553 1204 617 sint
1226 574 1318 617 unus

140 628 282 776 fficffii'ie
325 684 473 747 magnus
501 662 755 742 Antichristus,
786 667 934 743 oportet
955 668 1073 721 tamen
1101 677 1184 721 esse
1208 678 1318 721 unum

109 784 305 856 enteropponenr
325 767 556 852 principalem
580 775 617 829 et
638 765 826 828 maximum
849 761 1114 826 Antichristum.

121 836 296 933 ilflllllll
370 871 501 935 Tercio
524 890 612 933 vero
646 870 724 932 sive
756 887 850 951 papa
882 866 959 929 sive
993 885 1094 929 cesar
1126 865 1203 929 sive
1236 865 1315 948 qui·

131 940 283 984 “dmm
325 995 477 1058 cumque
509 974 596 1038 alius
629 973 739 1037 fuerit
770 971 942 1035 maximus
975 970 1200 1033 adversarius
1222 970 1341 1053 legis5

324 1079 464 1157 Christi,
487 1079 567 1162 ipse
591 1088 648 1142 est
669 1077 877 1161 potissimus
902 1073 1153 1138 Antichristus.

368 1182 502 1264 Quarto
543 1183 651 1245 credo
676 1183 773 1264 quod
811 1180 927 1243 dictus
955 1178 1198 1242 Antichristus
1237 1198 1317 1241 cum

325 1287 490 1352 omnibus
524 1288 598 1351 suis
632 1285 867 1368 complicibus
895 1283 1117 1348 damnabitur
1145 1303 1193 1346 ex
1219 1303 1315 1346 men·

324 1391 426 1455 dacio
449 1391 485 1454 in
513 1392 572 1455 die
594 1391 715 1455 iudicii
743 1389 876 1473 fugatis
900 1397 1131 1472 peccatorum
1154 1387 1316 1453 tenebris

324 1505 361 1559 et
382 1496 615 1560 illucescente
638 1495 769 1558 lumine
792 1493 962 1558 veritatis.
1330 1515 1358 1549 10

122 1614 287 1675 ,uernans
367 1599 525 1664 Ulterius
568 1600 648 1663 dico
687 1608 866 1681 tamquam
909 1597 1014 1661 michi
1051 1597 1242 1679 probabile
1280 1597 1315 1661 in

112 1668 308 1782 ¹¹⁸⁰¹iui¹i=i3⁹⁰pc
323 1706 436 1789 gradu
459 1705 571 1768 tercio
597 1705 693 1787 quod
722 1723 817 1786 papa
839 1702 886 1765 sit
907 1702 967 1765 ille
986 1701 1231 1765 Antichristus
1256 1702 1317 1785 qui

138 1773 276 1816 ‘inum'
323 1808 537 1873 describitur
559 1808 595 1871 in
619 1808 803 1890 scriptura.

363 1914 405 1976 In
428 1915 503 1977 istis
525 1918 641 1976 autem
674 1914 798 1976 mediis
825 1916 978 1993 paratus
1008 1930 1088 1975 sum
1114 1913 1317 1993 cuicumque

319 2020 418 2100 porti
440 2019 488 2080 ad
506 2036 612 2098 qrtam
634 2034 815 2098 concepero
831 2017 921 2097 quod
936 2017 1109 2080 evidencia
1133 2020 1182 2079 est
1193 2018 1318 2098 pocior
1331 2020 1357 2070 ¹5

322 2122 517 2184 consentire.
555 2120 602 2182 Et
628 2119 680 2182 sic
705 2118 873 2182 dividitur
896 2117 1011 2182 diccio
1039 2139 1120 2182 mea
1148 2119 1184 2182 in
1207 2120 1317 2183 fidem

323 2233 360 2286 et
376 2223 591 2305 opinionem.
615 2222 656 2285 In
672 2222 789 2300 fidem,
811 2223 1045 2286 concedendo
1062 2224 1122 2286 vel
1137 2225 1316 2307 negando,

321 2327 357 2390 in
379 2327 593 2409 opinionem,
617 2327 765 2391 remisse
790 2327 970 2390 credendo
994 2328 1053 2390 vel
1076 2326 1316 2392 discredendo

322 2431 389 2508 illa,
426 2452 576 2514 quorum
608 2452 697 2515 pura
721 2430 725 2513 Ι
751 2431 941 2495 credulitas
970 2442 1026 2496 est
1056 2432 1140 2496 mihi
1170 2443 1315 2515 preter·
1345 2435 1399 2496 ²43²

321 2537 522 2600 necessaria
544 2539 588 2600 ad
611 2537 773 2600 salutem.
1327 2552 1360 2587 ²0

132 2641 291 2752 fflfflgss‘*
368 2638 442 2704 Sed
472 2641 567 2704 absit
598 2641 740 2703 fidelem
773 2641 932 2722 credere,
965 2641 995 2704 si
1026 2662 1121 2724 papa
1142 2641 1189 2706 sit
1211 2643 1316 2708 Anti·

107 2743 312 2839 dssggwggths'oflgff„
324 2745 488 2821 christus,
520 2754 605 2807 tunc
638 2745 750 2808 omnis
781 2764 875 2827 papa
898 2755 955 2809 est
985 2744 1239 2828 Antichristus,
1279 2757 1318 2813 ut

116 2848 297 2942 ¹h²'i¹ic.⁹⁰⁹‘⁸
324 2868 472 2930 magnus
496 2849 736 2912 Antichristus
769 2849 836 2912 suit
863 2848 1002 2932 Cayfas,
1034 2859 1071 2913 et
1097 2858 1216 2914 tamen
1243 2873 1317 2917 non

324 2953 437 3016 omnis
462 2953 672 3036 episcopus;
698 2973 848 3034 magnus
863 2953 1105 3017 Antichristus
1127 2953 1194 3018 fuit
1216 2956 1315 3021 Nero

325 3066 362 3119 et
384 3066 502 3119 tamen
531 3077 603 3119 non
631 3058 744 3120 omnis
768 3057 938 3122 secularis
961 3058 1140 3135 dominus;
1164 3059 1358 3144 magnus25

324 3160 568 3224 Antichristus
601 3160 666 3223 fuit
690 3159 840 3244 Sergius
872 3170 909 3226 et
940 3171 1058 3225 tamen
1096 3183 1169 3227 non
1201 3166 1317 3230 omnis

323 3267 526 3328 monachus.
550 3265 597 3329 Et
619 3264 668 3328 ita
682 3265 718 3327 in
734 3264 859 3328 mediis
876 3265 1116 3347 opinabilibus
1136 3276 1209 3332 stat
1224 3270 1317 3334 duos

322 3369 502 3433 meritorie
526 3371 672 3433 credere
697 3389 872 3452 expresse
897 3371 1073 3435 contraria
1102 3382 1139 3436 et
1163 3373 1315 3437 creduli·

323 3483 431 3536 tatem
462 3475 579 3537 fidelis
611 3484 763 3557 propter
795 3475 1000 3540 evidencias
1023 3476 1164 3558 variari,
1196 3487 1236 3541 ut
1270 3479 1315 3542 de

323 3578 455 3641 sanctis
479 3579 692 3642 canonizatis
717 3581 825 3643 credo
843 3581 1016 3663 quosdam
1039 3583 1176 3664 absque
1197 3580 1315 3647 formi-
1328 3576 1367 3631 30'

325 3681 407 3743 dine
432 3681 513 3764 quia
538 3692 621 3745 sunt
645 3683 742 3747 beati
764 3684 800 3747 in
826 3685 915 3766 celo,
939 3694 979 3747 ut
1002 3686 1200 3768 apostolos,
1227 3706 1315 3749 mar·

324 3794 434 3868 tyres,
466 3787 695 3851 confessores
727 3788 906 3871 primitive
939 3788 1103 3872 ecclesie,
1142 3790 1204 3872 qui
1242 3811 1317 3855 non

378 4094 410 4139 16.
426 4094 503 4138 Codd.
518 4095 542 4138 in
558 4108 644 4151 marga
663 4060 961 4186 gmspdirtinguitur.
1023 4098 1060 4143 30.
1082 4099 1157 4143 Codd.
1179 4099 1202 4144 lu
1226 4111 1317 4157 murga

326 4181 533 4236 Cauonr'zacionem
548 4187 613 4225 noto.

377 4307 417 4358 30.
438 4307 477 4358 Cf.
496 4308 535 4357 Dc
554 4309 671 4358 Ecclesia
690 4326 715 4375 p.
735 4309 846 4373 44-46.
