3008 5026
135 385 202 429 car.
221 368 273 456 m]
436 389 481 438 ne
500 387 711 439 eoresrnre
731 388 819 438 enee

135 545 319 609 dacionem
350 545 386 607 in
418 565 553 608 summo
581 547 693 625 gradu
716 543 920 607 humilitatis
947 543 1118 626 possibili.

133 652 179 714 Et
200 652 268 712 hec
290 649 383 713 racio
408 670 517 732 quare
545 649 705 713 Christus
721 649 835 712 noluit
852 648 999 711 fundare
1022 669 1119 711 suam

134 754 320 818 ecclesiam
342 756 377 818 in
401 754 521 817 mundi
544 754 682 817 diviciis
705 762 881 836 tamquam
901 753 1119 818 stereoribus

132 860 190 922 vel
214 859 314 941 aquis
336 858 501 922 labilibus
529 879 596 921 nec
619 859 654 922 in
677 858 797 921 mundi
817 858 930 942 gloria
951 859 1009 922 vel
1027 857 1119 921 fastu

75 971 103 1025 5*
133 964 244 1026 seculi
260 973 435 1046 tamquam
452 964 580 1039 ventis,
600 964 664 1026 sed
685 963 689 1047 Ι
709 962 744 1025 in
768 962 886 1026 stabili
896 973 1119 1046 paupertate,

133 1089 202 1150 que
234 1069 403 1149 securius,
435 1069 581 1132 brevius
615 1078 652 1132 et
674 1068 780 1132 statui
803 1067 1012 1131 innocencie
1038 1088 1119 1130 con·

132 1172 278 1237 formius
301 1173 386 1236 iacit
406 1174 555 1236 humiles
577 1193 727 1255 regnum
751 1174 904 1236 celorum
929 1173 1121 1255 acquirere.

132 1277 247 1353 Unde,
280 1287 318 1341 ut
343 1279 498 1341 declarat
519 1278 777 1341 Lincolniensis
808 1278 844 1340 in
872 1278 1025 1359 quodam
1048 1296 1120 1339 ser·
1150 1309 1339 1367 (pomp,

132 1401 237 1444 mone
262 1385 306 1445 de
328 1382 532 1462 humilitate,
556 1384 653 1465 quod
668 1403 754 1446 vere
770 1383 935 1444 humilem
951 1381 1018 1444 iste
1034 1390 1118 1444 octo
1134 1362 1294 1471 ⁸⁰ssflssilssl⁸
1313 1368 1334 1403 ⁰¹

93 1486 360 1553 rocondiciones
397 1487 680 1570 inseparabiliter
712 1497 994 1569 consequuntur:
1033 1487 1116 1549 Dis-

132 1593 246 1667 cntiat,
268 1590 392 1672 inquit,
415 1594 645 1674 rrnusqrrisqne
667 1611 703 1655 se
726 1594 840 1673 ipsum
860 1593 1049 1673 diligenter,
1073 1611 1119 1654 an

133 1713 209 1757 uere
223 1697 427 1760 humititatis
445 1699 548 1778 signa
564 1699 678 1778 ipsrun
693 1702 889 1778 sequnntur.
920 1697 1001 1759 Vere
1017 1716 1118 1759 narn-

132 1818 193 1881 que
215 1801 356 1863 lrnmitis
376 1802 443 1863 hiis
464 1803 574 1881 signis
596 1803 800 1865 dinoscitur:
837 1800 877 1864 Si
898 1808 1076 1883 correptus
1097 1822 1121 1865 a

134 1904 261 1966 minori
276 1923 343 1966 non
360 1906 577 1986 dedignatur,
599 1907 631 1969 si
646 1925 712 1968 non
729 1908 908 1969 insolescat
926 1908 1120 1986 nonoribus

94 2009 164 2076 issi
186 2027 251 2070 non
275 2012 419 2072 elevetur
441 2013 491 2073 vel
513 2012 692 2073 delectetur
715 2013 750 2073 in
782 2013 856 2074 suis
887 2011 1058 2090 laudibus
1089 2013 1121 2074 si

133 2131 197 2174 uon
221 2115 344 2175 reddat
367 2116 500 2177 malum
519 2117 709 2197 promulo,
734 2134 793 2179 nec
812 2116 1033 2179 rrraledictnrn
1052 2135 1119 2197 pro

133 2218 310 2280 maledieto
333 2219 394 2281 scd
409 2221 615 2282 econtrario
631 2221 802 2283 benedicit.
825 2217 865 2282 Si
883 2221 970 2282 inter
986 2222 1122 2301 equales

128 2322 269 2403 primus
291 2326 338 2385 est
362 2324 395 2385 r'n
420 2342 480 2404 ope
504 2330 533 2386 et
557 2326 700 2386 ultimus
720 2326 756 2386 in
772 2325 902 2401 ordine,
922 2325 1062 2404 primus
1085 2326 1120 2387 in

132 2428 247 2489 latiore
270 2436 299 2490 et
324 2430 465 2491 ultimus
481 2431 517 2491 in
533 2431 657 2510 requie,
677 2430 819 2509 primus
836 2429 870 2490 r'n
888 2430 1120 2493 ministrando

90 2559 121 2594 πυ
133 2537 162 2593 et
186 2533 326 2595 ultimus
349 2534 384 2594 in
408 2534 642 2596 recumbendo.
682 2530 721 2595 Si
740 2534 884 2613 gracias
912 2535 984 2614 agit
1008 2535 1122 2597 divine

135 2638 369 2718 benevolencie,
393 2639 425 2700 si
447 2642 520 2699 tanr
543 2639 682 2701 libenter
707 2639 815 2699 obedit
839 2656 943 2718 quarn
962 2639 1120 2719 precipit,

131 2742 162 2803 si
185 2743 221 2802 in
240 2747 404 2821 potestate
427 2743 626 2804 constitutus
643 2742 748 2823 prins
763 2760 798 2803 se
814 2743 920 2803 noscit
934 2743 1120 2804 subiectum

132 2864 236 2924 quani
259 2847 486 2927 prepositum,
530 2848 617 2910 sicut
639 2846 726 2926 fecit
767 2846 929 2925 centurio,
973 2848 1014 2908 de
1055 2865 1118 2928 quo

130 2949 217 3011 Luce
240 2949 311 3013 VII.
335 2950 381 3013 Et
403 2949 493 3012 inter
511 2970 634 3012 omnes
657 2950 773 3012 scolas
796 2949 1019 3030 pertinentes
1041 2970 1119 3031 pre·

90 3053 251 3135 25posito
276 3064 312 3116 et
332 3054 431 3118 Petri
455 3055 587 3117 vicario
611 3075 680 3117 non
704 3064 758 3117 est
783 3053 848 3116 alia
871 3053 1119 3135 pertinencior,
1187 3084 1271 3127 pum-n

131 3157 222 3221 sicut
254 3158 344 3220 enim
368 3158 496 3221 Petrus
528 3168 630 3221 acute
664 3168 851 3240 correptus
885 3158 1048 3229 aPaulO,
1081 3167 1120 3221 ut
1174 3137 1290 3232 ξῖξξᾟῘᾸῚ-ζ]

131 3271 231 3344 patet
256 3262 330 3326 Gal.
360 3262 406 3341 ΙΙ,
432 3264 609 3326 humiliter
634 3264 808 3338 toleravit,
842 3265 985 3344 quando
1011 3263 1119 3325 eciam
1138 3243 1333 3348 '¹:2¹ffi'l}⁵¹‡{'s‚l0¹323

130 3367 274 3429 missum
291 3375 346 3429 est
363 3387 429 3448 pro
447 3368 506 3430 illo
523 3369 566 3430 ad
584 3368 859 3429 confirmandum
877 3366 1119 3429 centurionem

130 3471 210 3534 Act.
234 3469 282 3550 X,
310 3491 381 3532 non
406 3472 511 3553 petiit
534 3471 836 3554 constipacionem
862 3470 1027 3534 comitive
1052 3472 1119 3534 ele·

91 3597 121 3644 2-:0
132 3574 248 3657 gantis
266 3576 482 3657 equestrium
496 3578 560 3639 sed
575 3576 752 3639 humiliter
768 3577 903 3640 resedit
918 3577 952 3639 in
964 3576 1120 3659 Yoppen

131 3682 302 3762 pedester
334 3690 370 3743 et
392 3680 584 3763 requisitus
614 3681 649 3744 in
675 3682 780 3743 domo
805 3680 958 3745 Simonis
983 3680 1121 3744 coriarii
1151 3695 1272 3789 Mittin,

130 3783 232 3847 iuxta
263 3803 357 3845 mare
381 3785 479 3847 venit
502 3785 570 3847 sibi
592 3785 755 3847 humilius
781 3797 817 3849 et
839 3785 1016 3865 instruxit,
1049 3804 1121 3846 non
1166 3754 1315 3843 illicilum

132 3898 328 3972 expectans
352 3890 395 3950 ab
420 3909 463 3951 eo
488 3890 763 3953 retribucionem
792 3889 1038 3973 temporalium
1062 3890 1120 3951 vel

183 4131 204 4174 8.
224 4130 296 4173 Cot:
316 4128 410 4173 tracon.
482 4130 512 4174 ¹3.
529 4131 550 4173 Α
570 4131 592 4173 iu
613 4143 698 4185 murga
719 4131 820 4173 ltnmitr's
839 4143 892 4174 ner-c
911 4131 978 4174 trahet
998 4135 1050 4175 octo
1066 4142 1120 4174 con·

130 4201 248 4250 dicionem·
263 4200 300 4243 B.:
318 4204 377 4244 Octo
391 4200 463 4256 sigua
479 4213 536 4246 rere
548 4200 692 4244 humititatis.

189 4341 225 4375 10.
247 4325 287 4374 Cf.
305 4326 460 4392 Trialogum
479 4342 503 4393 p.
528 4326 583 4394 165,
602 4330 687 4379 Serm.
707 4328 735 4390 ll,
759 4343 812 4394 ¹49·
