3008 5026
113 2256 213 2301 Christ's
227 2257 285 2301 lawr

115 2317 148 2354 set
162 2310 226 2353 nside
241 2310 278 2354 lor

155 2362 242 2423 gainful

134 2415 264 2459 traditione.

638 396 807 448 somnus
826 397 967 449 wrcmr
1149 381 1232 468 [cae
1253 396 1303 440 xn.

313 553 413 616 locus
437 572 457 615 a
480 552 582 617 simili
606 562 731 636 captus
754 574 774 617 a
796 553 918 639 laycis,
947 554 1030 637 quia
1057 563 1093 618 et
1115 556 1185 618 hoc
1209 554 1304 620 foret

313 656 349 720 in
365 658 516 721 seculari
531 657 764 740 dampnabile,
788 668 825 722 et
847 660 1020 722 mundana
1043 660 1217 724 securitas
1232 660 1304 723 Dei

313 762 454 826 adiecta
483 762 520 825 in
550 762 631 845 ipso
665 770 722 826 est
753 762 849 826 licita
876 770 913 826 et
935 782 1007 826 non
1035 762 1086 826 sic
1109 763 1145 827 in
1170 763 1301 828 clerico

312 866 404 949 legis
429 865 568 931 Christi.
602 866 749 931 Clericis
773 867 865 931 enim
888 867 981 950 legis
1004 867 1146 950 veteriS,
1171 868 1303 951 quibus

312 970 561 1054 imponebatur
583 972 719 1035 sarcina
738 971 743 1057 Ι
763 972 1017 1053 intollerabiliS,
1045 972 1189 1038 suffecit
1216 995 1303 1058 pars
1331 978 1387 1046 ²44⁴

312 1075 458 1139 Domini
482 1078 527 1140 de
551 1077 707 1154 decimis,
729 1077 976 1141 oblacionibus
1000 1086 1037 1141 et
1059 1077 1209 1160 privatis
1234 1079 1303 1142 ele·

312 1180 468 1263 mosinis,
493 1191 529 1245 et
549 1181 658 1245 tercia
681 1202 763 1264 pars
787 1182 910 1246 stricta
933 1182 1077 1246 suffecit
1101 1181 1241 1246 Christo
1267 1192 1304 1247 et

313 1284 385 1347 suis
409 1285 593 1369 apostolis.
633 1285 748 1350 Nobis
771 1295 888 1349 autem
911 1307 983 1350 non
1011 1286 1142 1352 sufficit
1167 1287 1304 1351 decima

312 1409 394 1473 pars
417 1391 563 1454 Domini
585 1391 749 1474 ampliata
771 1391 968 1475 proditorie
994 1401 1031 1455 et
1052 1391 1192 1455 iudaice
1216 1412 1302 1455 ven·

314 1494 440 1559 dicata.
464 1495 537 1561 Sed
560 1495 704 1560 terciam
728 1505 866 1580 partem
887 1495 1091 1579 prediorum
1115 1496 1303 1580 laycalium
1317 1522 1347 1556 ιο

313 1618 360 1661 ex
384 1599 486 1664 titulo
509 1601 751 1684 possessionis
777 1599 906 1664 Christi
934 1601 1153 1664 mendaciter
1181 1602 1303 1664 vendi·

312 1723 440 1787 camus,
473 1714 511 1768 et
543 1726 590 1769 ex
622 1726 692 1769 uno
725 1707 835 1770 latere
870 1725 947 1768 cum
972 1704 1077 1769 bonis
1103 1725 1304 1789 pauperum

313 1829 462 1891 quorum
484 1829 606 1874 sumus
628 1810 714 1873 nudi
736 1820 1002 1892 procuratores,
1032 1829 1104 1873 non
1126 1811 1304 1873 habentes

313 1934 331 1976 a
359 1914 513 1978 Domino
546 1915 590 1977 ad
623 1916 691 1978 hoc
723 1913 1019 1997 procuratorium,
1049 1912 1305 1997 possessiones

312 2019 491 2082 seculares
513 2017 735 2083 incessanter
756 2018 1004 2102 perquirimus
1037 2018 1095 2081 Ex
1122 2017 1191 2082 alio
1214 2038 1304 2082 vero
1319 2029 1347 2080 15

312 2124 424 2187 latere
440 2123 666 2187 extendimus
683 2122 953 2206 magnificantes
969 2122 1186 2187 tradiciones
1195 2122 1305 2187 homi·

313 2247 396 2290 num
425 2248 494 2310 que
519 2236 684 2310 questum
713 2228 865 2310 sapiunt,
889 2237 924 2290 et
948 2247 995 2290 ex
1017 2228 1099 2291 hinc
1124 2227 1168 2291 ad
1190 2247 1305 2312 grave

315 2333 505 2414 dampnum
544 2332 696 2396 ecclesie
736 2340 792 2395 est
833 2332 912 2415 ipsa
949 2335 1010 2396 lex
1048 2332 1118 2396 Dei
1158 2331 1304 2395 nimium

313 2437 553 2519 pretermissa.
576 2435 738 2499 Dicimus
763 2436 855 2499 enim
879 2438 976 2520 quod
999 2439 1130 2502 nedum
1154 2449 1209 2500 est
1232 2436 1304 2498 lici-

312 2553 384 2604 tum
417 2541 483 2604 sed
514 2540 753 2605 necessarium
786 2551 932 2624 propter
963 2541 1148 2605 consilium
1173 2540 1306 2604 cesaris
1317 2566 1350 2604 ιο

310 2655 533 2728 postponere
546 2645 676 2710 Christi
692 2645 849 2727 consilia,
865 2647 930 2709 sed
945 2646 1149 2710 necessario
1159 2653 1306 2729 oportet

313 2752 410 2833 quod
432 2751 494 2814 fiat
510 2750 737 2833 dispensacio
761 2771 840 2815 cum
856 2749 923 2813 illis
939 2750 1195 2815 tradicionibus
1219 2772 1305 2815 onu-

314 2855 415 2918 statis
453 2874 540 2938 quas
575 2853 735 2919 Christus
773 2854 934 2936 instituit,
974 2856 1040 2919 sed
1076 2875 1155 2919 cum
1198 2858 1306 2920 dona·

315 2959 476 3023 cionibus
498 2959 678 3024 hominum
696 2968 732 3023 et
751 2958 878 3023 ritibus
902 2959 1137 3043 sequentibus
1152 2970 1306 3045 propter

313 3064 534 3150 sacrilegium
559 3085 629 3128 non
653 3064 738 3128 licet
753 3064 834 3128 Deo
852 3066 909 3127 vel
924 3064 1058 3128 homini
1081 3064 1305 3148 dispensare,
1317 3075 1348 3127 25

312 3168 348 3231 in
370 3170 439 3232 hoc
462 3169 606 3232 indubie
630 3179 875 3252 preponentes
898 3169 1077 3233 hominem
1099 3172 1159 3233 vel
1181 3171 1304 3235 verius

312 3273 630 3337 mammonamDeo
638 3281 773 3337 nostro.
786 3273 1037 3338 Consideraret
1046 3274 1165 3357 itaque
1176 3278 1304 3355 clerus,

313 3379 493 3460 quomodo
518 3380 563 3441 ad
586 3378 830 3442 fornicandum
854 3378 1085 3463 spiritualiter
1102 3398 1181 3443 cum
1197 3381 1304 3444 bonis

312 3483 456 3547 fortune
480 3493 535 3547 est
568 3485 684 3547 clerus
712 3482 916 3566 proclivior,
949 3484 992 3546 ad
1019 3483 1304 3566 resipiscendum

312 3588 455 3666 tardior,
480 3595 516 3651 et
539 3587 681 3652 omnino
707 3597 763 3652 est
786 3588 947 3672 dirupcio
972 3587 1180 3652 amorisDei
1204 3590 1303 3653 dete·
1316 3598 1350 3648 30

313 3691 484 3759 stabilior.
508 3691 596 3756 Ideo
614 3694 880 3757 considerarent
896 3704 1088 3778 arguentes
1103 3714 1171 3778 per
1185 3696 1304 3758 locum

313 3797 358 3859 de
381 3797 546 3879 possibili
578 3799 623 3862 ad
654 3798 852 3882 periculum
884 3800 929 3861 de
960 3798 1089 3879 inesse,
1123 3800 1304 3881 quomodo

313 3901 464 3984 quilibet
495 3903 690 3967 claustralis
720 3904 758 3966 in
789 3903 922 3988 Anglia
959 3912 1084 3987 potest
1121 3903 1304 3968 meritorie

312 4007 443 4069 habere
466 4006 630 4071 feminam
657 4007 693 4071 in
717 4008 825 4072 cubili
854 4016 890 4072 et
914 4007 1031 4073 studio
1061 4008 1219 4088 celatam,
1251 4010 1303 4073 sic

366 4211 387 4256 8.
403 4213 480 4258 Codd.
499 4213 522 4257 in
541 4226 608 4270 marg
623 4230 628 4257 ε
646 4215 727 4258 clerus
746 4216 770 4258 in
789 4215 871 4271 quibus
888 4216 957 4258 debet
974 4216 1115 4259 contentari.
1172 4226 1204 4270 17.
1222 4215 1252 4259 B:
1274 4216 1305 4260 Et

314 4285 385 4328 deest.
442 4297 473 4340 ¹9-
489 4284 565 4328 Codd.
580 4285 603 4328 in
620 4296 707 4339 marg.:
728 4286 838 4328 Avaricie
853 4287 976 4330 arcusact'o
990 4286 1013 4329 in
1028 4286 1100 4329 clero.
1156 4284 1191 4338 34.
1210 4285 1302 4331 Codd.:

313 4356 446 4399 cerelahrm.
