3008 5026
718 422 887 475 tonsurus
906 423 1046 474 wreus
1240 402 1323 492 [err.
1341 419 1380 464 vr.

391 579 520 642 Petrus
537 588 573 642 et
589 579 646 643 alii
663 582 728 643 sub
740 580 868 663 quibus
883 580 998 644 crevit
1014 580 1165 644 ecclesia
1175 600 1215 644 se
1223 581 1379 645 Domino

391 683 661 747 conformarunt.
699 685 829 748 Tercio
853 686 949 767 quod
982 704 1076 768 papa
1108 696 1145 749 et
1166 705 1290 748 omnes
1322 686 1380 748 alii

391 788 554 871 episcopi
597 790 729 852 debent
768 789 1085 872 evangelizacione,
1132 790 1300 853 oracione
1344 798 1382 853 et

391 903 512 957 sancte
545 893 620 957 vite
652 893 918 977 exemplacione
952 894 1093 958 assidue
1117 914 1267 977 pascere
1291 913 1381 957 oves

392 995 537 1076 Christi;
555 1006 655 1081 patet
670 1018 715 1061 ex
726 998 846 1063 officio
863 1008 920 1063 ter
929 999 1077 1062 limitato
1088 999 1197 1063 Petro
1208 998 1380 1079 Johannis
1393 1005 1406 1056 5

392 1101 525 1167 ultimo.
569 1102 675 1166 Unde
713 1104 937 1189 Augustinus
975 1104 1138 1186 Epistola
1175 1102 1291 1166 CXLI
1337 1104 1381 1166 ad

392 1205 577 1269 Paulinum
587 1215 696 1288 notat,
713 1210 893 1290 quomodo
909 1209 945 1271 in
963 1216 1064 1271 textu
1079 1208 1249 1290 Apostoli
1265 1207 1380 1290 Ephe.

392 1309 454 1389 IV,
490 1331 522 1374 11
552 1311 707 1374 officium
733 1312 887 1395 pastoris
920 1322 957 1376 et
984 1311 1142 1375 doctoris
1170 1310 1380 1394 iunguntur:

393 1414 562 1494 Postores,
590 1416 714 1499 inquit,
743 1422 773 1480 ct
795 1420 949 1481 doctores
969 1436 1053 1498 quos
1074 1418 1225 1481 maxime
1248 1418 1381 1480 discer-

390 1538 470 1583 ncre
492 1522 628 1583 voluisti
651 1524 785 1586 eosdem
804 1527 889 1604 poto
910 1541 980 1585 esse
995 1526 1026 1584 et
1041 1540 1106 1584 non
1123 1523 1211 1584 alios
1221 1526 1383 1602 pastores
1395 1540 1423 1573 ¹0

391 1627 421 1686 et
443 1625 533 1687 alios
554 1627 706 1689 doctores
726 1627 976 1706 intelligamus·
1007 1630 1037 1688 et
1059 1627 1134 1688 ideo
1158 1644 1235 1688 cum
1256 1626 1380 1707 predi·

390 1729 491 1791 nisset
502 1733 671 1810 pastores,
682 1731 854 1793 subiunxit
862 1730 1026 1803 doctores,
1037 1735 1074 1793 ui
1083 1733 1244 1811 pastores
1252 1729 1380 1792 intelli·

388 1838 507 1913 gerent
530 1836 578 1896 od
600 1832 754 1913 officium
772 1853 875 1898 soum
886 1836 1060 1915 pertinere
1074 1835 1276 1897 doctrinam.
1301 1832 1381 1895 Ideo

391 1955 469 2000 vero
493 1955 560 2000 non
584 1940 648 2001 ait:
676 1939 843 2018 quosdam
871 1958 949 2003 vcro
973 1943 1133 2021 pastores
1160 1942 1190 2000 et
1211 1938 1381 2017 quosdam

391 2042 553 2113 doctores,
582 2048 618 2105 ut
639 2045 812 2124 superiori
834 2046 1019 2108 locucionis
1036 2057 1169 2125 genere,
1195 2045 1255 2106 scd
1276 2047 1423 2123 quos-15

391 2147 475 2210 dam
495 2152 653 2230 pastores
675 2152 706 2212 ei
727 2151 890 2227 doctores,
912 2154 1091 2229 tamquam
1114 2166 1221 2211 uniam
1246 2148 1381 2227 aliquid

391 2254 521 2316 duobos
547 2255 744 2317 nominibus
770 2256 948 2335 amplexus
970 2258 1028 2332 cst,
1054 2254 1231 2333 quosdam,
1259 2254 1379 2332 inquit,

385 2361 546 2437 pastores
567 2362 598 2421 et
620 2358 781 2422 doctores.
820 2357 866 2421 Et
889 2359 941 2421 sic
964 2357 1126 2440 spoliatis
1149 2355 1349 2440 superfluis,
1374 2356 1378 2442 1

391 2470 532 2543 pateret
569 2462 648 2544 quis
688 2462 882 2546 episcopus
923 2472 1123 2526 remaneret
1166 2461 1294 2525 habilis
1333 2481 1377 2524 ex
1413 2477 1472 2529 186⁸

390 2567 557 2629 thesauro
586 2566 730 2629 Domini
753 2576 790 2630 et
810 2566 889 2650 quis
911 2576 1112 2630 remaneret
1134 2585 1268 2630 vacuus
1299 2581 1426 2649 pre-20

391 2671 505 2733 scisso
530 2691 665 2756 organo
688 2679 727 2734 et
758 2672 876 2735 officio
901 2672 1040 2754 laycali3
1073 2679 1110 2735 et
1131 2671 1225 2735 forte
1247 2672 1381 2754 reperi·

391 2783 513 2838 rentur
527 2778 649 2858 plures
665 2786 828 2859 pastores
845 2777 979 2840 cesarei
996 2797 1101 2859 quam
1116 2776 1243 2840 fideles
1258 2776 1382 2839 vicarii

392 2880 523 2943 domini
538 2880 650 2959 Jhesu
666 2880 807 2945 Christi.
831 2882 878 2945 Et
899 2881 1031 2945 utinam
1054 2880 1133 2944 talis
1154 2879 1382 2946 discernendi

391 2985 605 3049 monstracio
628 2985 725 3050 foret
747 2985 848 3051 facta.

592 3301 911 3397 CAPITULUM
941 3302 1179 3397 SEXTUM.
1393 3349 1424 3399 25

174 3537 376 3634 thffrgffilienpsad
436 3524 595 3608 Septima
628 3526 720 3590 facta
753 3526 935 3590 sentencia
958 3526 1195 3610 premittenda
1219 3536 1276 3590 est
1297 3529 1380 3590 hec:

174 3642 376 3750 hnugrruxaffieeg.
391 3628 492 3694 Sicut
507 3632 621 3693 nullus
638 3632 880 3712 apostolorum
890 3630 1154 3694 habuittantam
1165 3639 1380 3712 potestatem

198 3757 258 3801 vose
273 3747 301 3789 ³¹¹
317 3746 354 3789 the
392 3743 555 3816 quantam
572 3735 693 3798 habuit
704 3735 863 3798 Christus
878 3735 1088 3810 humanitus,
1105 3735 1156 3797 sic
1173 3754 1239 3797 nec
1257 3754 1381 3799 omnes

446 4005 467 4036 2.
483 3993 499 4035 B
515 3994 537 4035 in
553 4005 640 4048 mrrg.:
654 4006 680 4047 3.
735 3995 756 4037 6.
772 3993 812 4037 ΑΒ
832 3995 854 4037 iu
871 4006 957 4049 mrrg.:
978 3994 1087 4037 Pastorer
1105 3994 1187 4038 debent
1204 4007 1254 4038 erre
1272 3995 1382 4040 doctores

390 4063 476 4117 piebem
485 4064 590 4118 exemplo
600 4069 624 4106 e!
631 4064 701 4107 verbo
711 4065 827 4108 docentes.
879 4076 908 4107 ιι.
920 4066 1081 4119 intelligamur
1091 4064 1155 4107 deest
1165 4066 1188 4107 in
1199 4065 1269 4108 codd.
1280 4066 1380 4109 Addidi.

394 4144 426 4184 14·
441 4133 489 4176 aii:
504 4133 532 4176 B:
548 4135 609 4189 ogit.
666 4134 702 4177 25.
717 4135 738 4177 Α
754 4136 776 4177 in
793 4146 878 4188 marga
895 4133 919 4176 C.
935 4133 969 4177 1¹1.
1025 4135 1062 4178 26.
1078 4134 1107 4178 B:
1115 4135 1190 4190 sacto
1205 4135 1277 4178 deest.

442 4255 465 4307 6.
485 4259 521 4309 St.
542 4259 677 4323 Augustini
703 4259 732 4310 E.
752 4259 783 4308 ad
809 4258 955 4322 Paulinum,
981 4260 1027 4324 Ep.
1051 4259 1161 4312 CXLIX.
1182 4260 1251 4326 Opp.
1271 4263 1380 4329 tom.11,

392 4357 450 4408 pag.
471 4342 528 4397 508.
