3008 5026
637 402 806 452 tonsurus
826 401 965 451 wrcen
1151 379 1236 468 [cnr.
1255 395 1307 440 xn

312 560 408 624 illum
440 568 580 637 statum,
613 578 692 621 cum
715 568 842 641 posset
866 577 958 641 eque
981 556 1133 621 faciliter
1156 556 1306 620 dotasse

312 674 635 747 quantumcumque
659 664 790 726 clerum
815 683 916 726 suum
941 661 979 725 in
1001 661 1122 725 mundi
1151 660 1306 740 diviciis,

312 789 384 832 non
408 770 499 833 enim
524 779 580 832 est
602 768 773 851 potentis,
795 767 982 851 prudentis
999 775 1035 830 et
1050 766 1306 832 benevolentis

312 874 363 936 sic
380 873 492 955 magis
508 876 640 937 bonum
656 884 890 957 postponere,
913 872 995 955 quia
1016 880 1102 935 tunc
1125 873 1185 936 vel
1207 870 1305 934 foret

311 977 453 1040 invidus
476 979 536 1041 vel
558 977 713 1062 ignarus.

356 1080 533 1158 Similiter,
550 1093 872 1165 quantumcumque
890 1082 1017 1146 divicie
1028 1082 1303 1157 accumulentur,

314 1186 423 1250 eciam
463 1207 542 1250 cum
581 1186 772 1250 securitate
810 1187 985 1250 mundana
1021 1194 1197 1269 perpetua
1231 1205 1302 1248 non

312 1300 452 1372 ponunt
483 1291 790 1373 possessionatum
822 1290 889 1353 nisi
912 1289 1126 1373 profundius
1147 1288 1184 1351 in
1207 1297 1303 1351 statu

312 1394 548 1477 proprietario
577 1395 691 1458 minus
718 1394 890 1476 perfecto.
930 1392 1017 1456 Cum
1049 1392 1158 1475 igitur
1189 1401 1303 1455 status

312 1497 371 1560 ille
403 1498 485 1561 ideo
520 1498 648 1562 dicitur
679 1498 923 1581 principaliter
953 1496 1069 1560 minus
1106 1494 1346 1578 perfectuS,10

312 1602 395 1684 quia
427 1612 484 1665 est
515 1606 596 1685 plus
623 1625 644 1666 a
665 1603 886 1666 beatitudine
908 1601 1114 1680 tardativus,
1137 1601 1191 1681 (ut
1213 1618 1304 1682 sepe

311 1714 412 1787 patet
431 1707 436 1791 l
457 1727 503 1768 ex
539 1708 611 1770 fide
644 1706 833 1790 evangelii)
876 1705 1037 1789 sequitur
1069 1704 1166 1787 quod
1189 1712 1304 1768 status
1333 1721 1378 1771 253

310 1810 369 1873 ille
393 1810 440 1873 sit
461 1811 685 1894 proprietate
702 1810 875 1874 contraria
891 1811 987 1874 clero
1004 1808 1131 1873 utilior.
1155 1807 1303 1872 Contra·

310 1914 442 1977 riorum
467 1915 560 1978 enim
584 1924 731 1996 oportet
753 1935 860 1978 unum
885 1933 966 1977 esse
989 1912 1193 1997 perfeccius
1217 1922 1302 1976 tam·

312 2039 414 2100 quarn
437 2020 579 2084 habitus
604 2030 641 2084 et
662 2019 837 2103 reliquum
857 2019 1107 2103 imperfeccius
1124 2028 1303 2100 tamquam
1318 2034 1346 2084 ιδ

310 2123 480 2205 privacio.

116 2227 153 2270 T⁰
170 2227 280 2270 marnmn
357 2226 535 2306 Similiter,
564 2248 668 2291 omne
693 2249 785 2310 opus
812 2227 1055 2292 misericordie
1078 2229 1138 2291 vel
1171 2228 1304 2290 elemo-

102 2281 140 2322 tlre
155 2280 295 2323 ordinances

95 2331 286 2428 ggrsslossgljffrfl
313 2332 389 2394 sine
414 2332 605 2415 spiritualis
623 2341 678 2396 est
694 2333 819 2415 pocius
837 2353 939 2415 quam
956 2352 1047 2415 opus
1063 2330 1305 2395 misericordie

289 2398 302 2440 y

95 2437 295 2546 ''wolffglly‘fgilf'ggl
312 2437 371 2499 vel
405 2437 600 2499 elemosine
638 2437 845 2519 corporalis,
884 2437 948 2499 sed
988 2439 1072 2500 dare
1109 2435 1305 2500 tuicionem

313 2542 432 2622 quoad
455 2550 585 2604 statum
610 2550 646 2602 et
666 2541 854 2623 privilegia
875 2561 945 2623 que
966 2540 1127 2605 Christus
1151 2540 1307 2604 instituit
1317 2571 1350 2607 ιο

313 2654 368 2708 est
381 2665 474 2726 opus
485 2645 726 2708 misericordie
738 2645 929 2727 spirituale,
944 2665 1016 2708 non
1032 2644 1305 2727 comparacione

313 2750 356 2811 ad
374 2750 586 2813 ditacionem
603 2752 824 2823 mundanam,
847 2750 956 2833 igitur
973 2761 1027 2813 est
1049 2751 1128 2832 ipsa
1143 2756 1306 2832 prestan-

313 2854 398 2916 cius.
424 2856 540 2917 Aliter
560 2854 653 2917 enim
671 2854 830 2918 Christus
853 2854 974 2918 invide
997 2855 1199 2938 peiorasset
1220 2873 1304 2937 apo·

312 2961 436 3035 stoloS,
468 2960 631 3022 vocando
666 2978 729 3021 eos
758 2979 777 3021 a
804 2960 924 3022 mundi
947 2959 1084 3022 diviciis
1108 2959 1151 3020 ad
1174 2978 1304 3040 purum

312 3073 440 3127 statum
474 3064 808 3146 exproprietarium,
840 3065 933 3127 sicut
961 3072 997 3126 et
1025 3063 1152 3127 fratres
1178 3070 1348 3127 contraas

313 3169 467 3233 caritatis
499 3171 641 3253 regulas
674 3169 965 3252 dampnificarent
997 3188 1130 3251 pueros
1154 3174 1192 3230 et
1215 3167 1306 3230 alios

104 3288 235 3332 ornemur
249 3291 288 3347 nc
313 3273 443 3336 divites
479 3276 671 3348 seculares
705 3277 787 3337 dum
811 3273 945 3337 faciunt
968 3293 1031 3336 eos
1054 3273 1192 3349 fratreS,
1221 3291 1306 3354 ymo

109 3346 284 3455 prniiiiio‘i'ers
312 3388 545 3459 procurarent
569 3388 605 3441 et
628 3380 812 3440 laudarent
839 3379 920 3461 plus
947 3377 1108 3440 homines
1132 3376 1193 3458 qui
1213 3375 1305 3439 face·

139 3447 259 3562 iiaiigjiii
312 3491 392 3543 rent
424 3501 487 3544 eos
520 3481 778 3563 proprietarios
803 3502 906 3564 quam
930 3481 1134 3545 conditores
1158 3499 1304 3543 suorum

134 3553 261 3595 ‘mm'
313 3587 485 3668 ordinum,
519 3590 577 3649 vel
610 3595 734 3669 patres
767 3587 827 3670 qui
860 3587 1019 3650 fecerant
1060 3606 1123 3649 eos
1156 3584 1349 3663 fratres;·30

312 3694 407 3772 quod
432 3692 540 3753 credo
566 3711 628 3753 eos
653 3691 772 3753 dicere
799 3712 880 3754 esse
904 3699 1143 3774 apostatarum
1160 3699 1303 3753 senten·

312 3795 413 3866 ciam;
430 3796 488 3858 vel
506 3796 606 3857 aliter
622 3796 791 3877 sequitur,
816 3797 914 3878 quod
930 3798 1104 3858 donantes
1118 3793 1304 3858 ordinibus

311 3898 378 3962 illis
401 3901 481 3962 loca
494 3915 530 3961 et
546 3900 721 3962 domicilia
737 3900 780 3963 ad
798 3900 1025 3964 habitandum
1041 3906 1078 3962 et
1094 3906 1304 3976 contractaS,

311 4013 502 4086 peccarent
520 4004 684 4085 graviter,
702 4014 738 4067 et
748 4005 800 4067 sic
810 4004 879 4088 ipsi
890 4025 991 4068 suum
1007 4002 1168 4067 ordinem
1178 4006 1304 4068 obser·

311 4110 443 4189 vand03
472 4111 608 4171 debent
632 4111 724 4172 enim
747 4111 847 4172 iuxta
870 4108 1121 4194 falsigraphum
1144 4109 1303 4173 vivendo
1316 4123 1347 4174 35

362 4333 395 4387 33,
414 4335 553 4379 t'onlroclas
563 4353 587 4373 =
598 4343 715 4379 contradas
726 4352 750 4371 =
761 4343 866 4391 country.
922 4333 958 4379 35.
975 4334 1064 4379 (20de
1080 4337 1112 4383 od
1126 4335 1198 4379 deest.
