3008 5026
146 374 214 420 cue.
229 362 282 445 111]
448 381 492 431 ou
513 378 723 431 potestate
744 381 841 431 enee.
1292 387 1354 447 303

190 534 258 598 Hic
280 533 422 598 videtur
454 535 558 599 michi
587 536 685 621 quod
707 536 820 621 prima
846 537 1028 601 conclusio
1054 556 1137 600 con·
1147 552 1281 615 1111111131,
1297 565 1353 598 even

148 638 227 702 cedi
243 642 383 721 debeat,
401 660 480 703 cum
496 649 595 706 totus
611 662 777 706 numerus
794 641 1040 725 prescitorum,
1056 662 1138 725 ymo
1154 604 1298 719 ‘'''cii‘iii
1308 607 1347 651 ⁰¹²

147 763 250 807 omne
274 755 470 827 peccatum,
502 746 619 829 prosit
650 766 717 830 per
739 747 905 810 accidens
933 755 1055 810 sancte
1080 767 1137 811 ec·
1169 710 1329 768 ⁸⁰⁰¹⁶⁸⁰¹¹¹¹y‘

147 849 264 913 clesie.
281 848 370 913 Nam
381 850 485 916 Rom.
496 850 596 932 VIII,
609 856 648 915 28
662 852 805 915 dicitur:
823 850 960 916 Scimus
974 853 1138 934 quoniam

121 955 366 1036 §diligentibus
389 956 500 1020 Deum
534 959 652 1020 omnia
685 963 912 1040 cooperantur
938 959 975 1020 in
1003 960 1138 1023 bonum.

147 1057 252 1121 Unde
276 1060 370 1122 solet
394 1079 474 1124 esse
498 1061 685 1125 distinccio
719 1063 901 1144 quomodo
926 1061 1040 1145 aliqua
1058 1082 1139 1145 pro·

147 1171 231 1227 sunt
252 1184 319 1247 per
342 1183 381 1228 se
405 1165 539 1229 directe
557 1175 594 1230 et
616 1166 805 1229 occasione
829 1168 909 1231 data
925 1166 970 1230 ad
991 1167 1139 1232 beatitu·

148 1267 264 1332 dinem
297 1281 512 1350 sanctorum,
545 1271 638 1334 sicut
669 1273 765 1334 bona
787 1270 928 1334 virtutis
952 1280 989 1336 et
1010 1270 1140 1353 gracie,

149 1372 265 1455 aliqua
289 1385 406 1440 autern
430 1385 583 1459 prosunt
608 1395 675 1460 per
697 1375 864 1439 accidens
887 1373 1058 1440 indirecte
1082 1377 1141 1439 vel

106 1480 335 1543 rooccasione
365 1502 412 1545 ex
432 1481 552 1565 gracia
571 1481 642 1544 Dei
668 1489 824 1563 accepta,
847 1479 1042 1544 cuiusmodi
1058 1488 1141 1543 sunt

147 1593 310 1664 peccata3
335 1595 373 1650 et
395 1587 446 1650 sic
469 1587 627 1670 loquitur
648 1589 778 1649 beatus
796 1584 992 1667 Gregorius
1008 1605 1140 1649 vocans

148 1687 290 1768 felicem
313 1694 463 1773 culpam,
493 1711 576 1774 ymo
598 1690 824 1773 Augustinus
848 1689 935 1754 dicit
962 1691 1059 1773 quod
1082 1710 1138 1754 ex-

144 1795 239 1875 pedit
270 1798 396 1859 meritos
426 1797 585 1860 incidisse
612 1797 648 1858 in
672 1798 782 1859 niulia
807 1801 948 1878 peccato
971 1797 1139 1867 enormia,

148 1903 184 1960 ui
207 1902 431 1982 exemplificat
453 1903 494 1965 de
517 1901 625 1964 Petro.
663 1901 710 1964 Et
743 1909 846 1983 patet
869 1900 967 1983 quod
988 1919 1059 1962 non
1084 1907 1141 1963 est

107 2004 247 2069 15color
283 2005 381 2086 quod
409 2004 439 2068 si
470 2025 528 2068 res
551 2004 667 2088 prosit
695 2003 848 2068 ecclesie
876 2013 961 2068 tunc
989 2011 1141 2067 nonest

149 2106 376 2189 destruenda;
401 2119 546 2192 oportet
569 2110 661 2172 enim
685 2120 874 2192 peccatum
894 2109 1068 2191 prodesse
1086 2127 1140 2171 ec·

149 2212 266 2293 clesie‚
298 2217 363 2278 sed
387 2215 467 2278 talia
490 2235 555 2299 per
579 2215 742 2278 accidens
766 2223 927 2298 prosunt,
960 2213 1011 2276 sic
1043 2213 1141 2296 quod

147 2316 215 2380 illis
248 2318 373 2383 ablatis
411 2340 483 2383 non
515 2319 629 2384 minus
663 2319 802 2382 aliunde
833 2318 1037 2401 insurgeret
1060 2337 1139 2400 pro·

147 2421 262 2486 fectus
287 2425 448 2505 ecclesie,
480 2425 564 2507 quia
595 2425 695 2489 aliter
719 2423 871 2507 quilibet
894 2423 1035 2487 foveret
1057 2442 1139 2505 pec·

105 2556 138 2590 20
150 2536 274 2607 catum,
297 2549 379 2611 ymo
397 2539 530 2612 ageret,
549 2538 586 2593 ut
603 2531 824 2612 dampnetur,
841 2528 922 2610 quia
938 2535 1022 2591 tunc
1037 2527 1140 2591 Deus

149 2643 271 2713 preter
294 2632 384 2698 istos
408 2636 618 2717 dampnatos
641 2636 858 2716 produceret
880 2640 1012 2696 tantam
1029 2632 1139 2693 eccle·

151 2735 236 2799 siam
270 2747 437 2821 quantam
467 2739 674 2803 eternaliter
696 2737 872 2816 diffinivit,
906 2756 985 2800 cum
1008 2736 1140 2799 nullum

150 2850 336 2923 peccatum
360 2854 483 2927 potest
506 2854 641 2908 mutare
664 2842 820 2907 divinum
840 2841 1065 2925 propositum
1082 2842 1140 2903 vel

150 2948 277 3011 tollere
324 2947 471 3033 gloriam
520 2948 705 3031 spirituum
751 2949 952 3020 beatorum;
999 2953 1036 3009 et
1080 2944 1141 3008 isti

108 3052 329 3134 25dampnati
353 3055 524 3117 cederent
547 3052 661 3117 beatis
678 3054 721 3116 ad
746 3049 923 3133 gaudium,
949 3070 1020 3133 quo
1039 3049 1142 3112 aliter

152 3157 356 3234 caruissent,
389 3168 428 3222 ut
460 3159 653 3221 deductum
686 3165 743 3220 est
771 3156 806 3219 in
839 3155 985 3219 materia
1010 3156 1054 3218 de
1079 3174 1140 3216 ne·

151 3261 317 3326 cessitate
350 3262 555 3327 futurorum.
596 3262 689 3325 Ymo
722 3260 864 3324 videtur
902 3259 999 3342 quod
1036 3278 1141 3322 omne

150 3376 337 3448 peccatum
369 3374 506 3431 tantum
544 3368 695 3449 prodest
723 3366 767 3428 ad
798 3366 947 3428 salutern
976 3361 1139 3439 ecclesie,

151 3471 243 3535 sicut
259 3481 371 3536 totum
388 3472 549 3535 meritum
567 3470 707 3554 Christi,
731 3469 813 3552 quia
829 3487 933 3532 omne
954 3477 1141 3550 peccatum

109 3589 141 3639 30
150 3576 235 3641 facit
257 3577 354 3641 unite
377 3587 490 3641 totum
514 3577 718 3660 profectum
742 3574 905 3654 ecclesie,
935 3594 1012 3636 cum
1041 3574 1143 3636 aliter

150 3681 270 3763 passio
296 3681 425 3746 Christi
448 3681 620 3746 infinitum
653 3684 734 3764 plus
764 3681 958 3763 prodesset
990 3677 1141 3741 ecclesie

151 3807 254 3868 quam
265 3797 452 3870 peccatum
462 3788 520 3851 vel
531 3786 692 3851 meritum
703 3784 853 3849 membri
863 3782 1002 3863 Christi,
1014 3790 1050 3846 et
1062 3802 1141 3846 cum

202 4061 225 4102 4.
242 4046 317 4092 Codd.
328 4048 350 4092 ln
362 4059 448 4103 marg:
464 4046 579 4091 Prodesse
589 4047 715 4101 dupliciter
724 4045 824 4100 capitur.
882 4042 915 4088 16.
931 4041 1006 4086 Codd.
1018 4043 1040 4086 in
1052 4052 1140 4098 marg:

152 4117 271 4162 Peccatum
283 4119 381 4174 prodest
393 4118 487 4161 ecclesie
501 4119 603 4161 mulium.
660 4116 697 4160 26.
712 4115 802 4159 codd:
819 4115 945 4158 reductum.

208 4258 245 4293 12.
270 4242 309 4295 Cf.
335 4244 372 4292 De
400 4235 517 4294 Ecclesia
546 4258 605 4309 pag.
633 4240 688 4308 164,
717 4243 800 4291 Serm.
824 4240 853 4303 11,
882 4238 936 4301 152,
965 4239 1016 4304 Op.
1041 4239 1140 4304 Evang.

153 4331 193 4392 ill,
217 4330 272 4400 ¹98·
