3008 5026
181 407 244 453 cnr.
263 392 318 482 m]
475 415 521 464 nr.
540 415 753 465 nnrnsmns
771 415 870 468 rnre,

181 569 291 650 ipsum
314 571 437 650 solum,
460 580 500 634 ut
523 571 674 653 exposui
694 570 784 633 VIII
808 571 963 653 capitulo
986 571 1037 633 IV
1061 572 1164 635 huius

180 684 213 737 et
234 672 367 735 XXIV
390 693 467 757 cap.
489 672 523 735 V
546 675 634 737 libri
673 675 773 737 Idem
795 676 984 756 figuratum
1008 685 1065 739 est
1087 677 1164 755 Joh.

179 777 309 854 ultimo,
336 778 398 841 ubi
425 778 461 840 in
490 788 671 842 conventu
698 780 886 843 duodecim
909 780 1164 863 discipulorum

177 881 441 946 universitatem
472 883 629 946 fidelium
663 882 793 947 Christi
825 884 1046 966 signancium
1078 894 1165 968 post

155 986 349 1070 §triplicem
366 988 667 1051 examinacionem
685 988 814 1051 amoris
835 988 914 1072 ipse
938 989 1165 1072 singulariter

175 1091 311 1175 recepit
334 1113 356 1155 a
370 1103 517 1175 pastore
533 1114 669 1157 summo
687 1114 805 1157 curam
823 1103 858 1157 et
874 1104 1015 1176 pastum
1035 1094 1162 1177 simpli·
1173 1104 1376 1202 ‘ffir'iffislc‘jrpgde

105 1204 152 1268 ¹73⁸
176 1195 262 1259 citer
281 1196 286 1277 Λ
306 1205 376 1259 tam
409 1197 529 1260 ovium
562 1219 666 1280 quam
699 1218 882 1280 agnorum,
914 1208 953 1261 ut
985 1197 1078 1260 sicut
1108 1207 1165 1260 ter
1208 1210 1246 1252 the
1262 1211 1341 1265 sheer-

175 1297 348 1363 Christum
380 1312 587 1386 negaverat,
619 1303 671 1365 sic
704 1304 872 1366 ostendat
902 1302 978 1365 eius
1009 1321 1163 1364 amorem

174 1401 208 1466 in
231 1406 414 1487 pascendo
438 1415 635 1489 magnates
658 1407 789 1490 vulgus
813 1415 851 1469 et
871 1406 1022 1469 clericos
1037 1408 1163 1484 verbo,

141 1526 283 1590 roopere
308 1517 345 1571 et
368 1510 546 1593 exemplo.

216 1612 387 1694 Quamvis
420 1615 511 1678 enim
545 1635 673 1679 sensus
706 1615 864 1678 misticus
888 1615 1064 1698 scripture
1091 1634 1162 1677 non
1206 1628 1227 1669 Α
1243 1629 1347 1682 mystica!

174 1717 218 1780 sit
234 1719 280 1780 de
299 1737 339 1780 se
355 1717 502 1782 evidens
519 1719 650 1800 ignaris
674 1720 719 1781 ad
734 1720 958 1803 probandum
975 1718 1163 1782 scolastice
1211 1691 1342 1775 illidi*

173 1822 369 1904 figuratum,
400 1832 518 1886 tamen
552 1823 581 1886 si
613 1824 761 1906 probari
785 1833 910 1907 potest
942 1844 988 1887 ex
1020 1823 1162 1885 racione
1217 1785 1334 1890 „iidifissi

174 1928 230 1989 vel
258 1927 436 2010 scriptura
463 1929 528 1991 alia
556 1930 653 2010 quod
676 1949 804 1992 sensus
831 1929 899 1992 iste
932 1928 1091 1992 misticus
1114 1928 1162 1990 in·

140 2038 293 2095 rstentus
315 2032 433 2096 fuerat
455 2036 500 2096 ab
517 2043 647 2116 autore,
672 2042 757 2096 tunc
773 2053 900 2097 sensus
916 2033 974 2097 ille
991 2041 1049 2095 est
1064 2031 1161 2114 equi·

173 2138 295 2200 valens
317 2137 463 2211 literali;
492 2148 529 2201 et
558 2138 609 2201 sic
633 2158 722 2222 sepe
744 2141 875 2221 probat
889 2138 1090 2221 Apostolus
1115 2156 1161 2199 ex

173 2239 294 2323 figuris
315 2242 449 2305 veteris
473 2243 679 2306 testamenti
701 2243 891 2324 figuratum
914 2241 1103 2325 allegorice
1126 2240 1161 2302 in

173 2362 277 2424 nov0,
309 2355 349 2410 ut
376 2356 477 2427 patet
502 2346 528 2409 Ι.
554 2346 633 2412 Cor.
656 2347 703 2427 Χ,
727 2346 803 2412 Gal.
824 2345 878 2409 IV
901 2355 938 2409 et
964 2345 1056 2408 Heb.
1079 2342 1160 2408 VII.

174 2445 259 2511 Cum
282 2448 391 2532 igitur
416 2470 489 2514 non
510 2451 649 2514 dicetur
673 2449 757 2532 quid
772 2449 1017 2533 pertinencius
1032 2450 1159 2531 figura·

136 2561 253 2615 rerunt
283 2553 352 2618 ista
383 2555 610 2637 singulariter
640 2555 737 2618 facta
768 2555 876 2618 Petro
909 2575 1013 2636 quarn
1037 2572 1159 2636 prero·

172 2654 327 2737 gatiuam
359 2658 459 2722 Petri
497 2679 606 2742 super
643 2659 741 2740 alios7
783 2658 925 2721 videtur
963 2658 1060 2739 quod
1091 2656 1160 2719 iste

172 2760 356 2825 suasiones
376 2763 577 2844 quietarent
598 2763 740 2825 fidelem
764 2764 973 2844 theologum
995 2762 1038 2824 ad
1053 2761 1158 2822 fidem

173 2864 351 2947 questioni
373 2866 563 2949 proposite
587 2866 832 2929 adhibendam.
856 2865 962 2928 Dicat
983 2864 1093 2947 igitur
1103 2865 1159 2926 ad-

172 2968 349 3031 versarius
372 2969 473 3033 istam
497 2971 724 3040 sentenciam,
748 2971 806 3031 vel
827 2970 924 3051 quod
948 2967 1080 3050 aliquid
1104 2975 1161 3031 est

134 3081 192 3134 25a
218 3071 356 3135 Christo
387 3073 648 3157 inpertinenter
679 3074 820 3155 factum,
855 3082 916 3135 aut
948 3093 995 3135 ex
1027 3070 1161 3134 indiffe-

171 3177 291 3240 rencia
313 3177 470 3259 positum
494 3178 529 3241 in
554 3179 737 3260 scriptura,
756 3178 814 3240 vel
836 3176 938 3239 aliter
958 3175 1053 3238 dicat
1075 3175 1161 3257 quid

173 3282 260 3343 ordo
278 3291 314 3344 et
330 3281 553 3364 singularitas
570 3291 857 3365 prenarratorum
878 3301 1026 3362 operum
1043 3280 1160 3361 quoad

172 3385 317 3449 Petrum
343 3386 587 3469 pertinencius
615 3408 719 3469 quam
757 3387 833 3449 eius
862 3384 1158 3468 preeminenciam

172 3509 281 3572 super
303 3490 392 3553 alios
414 3491 594 3574 figuraret.
632 3490 719 3554 Cum
743 3490 835 3554 enim
863 3490 1038 3572 scriptura
1060 3508 1160 3552 sacra

132 3607 163 3656 30
173 3594 338 3676 exprimit
377 3603 414 3657 et
443 3596 539 3659 racio
573 3596 767 3660 necessitat
799 3603 968 3677 oportere
1006 3593 1158 3675 aliquem

171 3701 372 3782 apostolum
396 3719 477 3764 esse
500 3700 616 3780 talem,
641 3700 793 3763 ecclesia
810 3710 926 3763 autern
941 3697 1159 3780 generaliter

171 3804 292 3867 credat
306 3805 376 3866 hoc
393 3804 438 3867 de
454 3805 572 3876 Petro,
596 3805 697 3868 Deus
717 3804 922 3868 notabiliter
937 3803 1160 3886 permitteret

222 4144 242 4174 2.
259 4131 288 4175 ll:
303 4141 354 4186 34,·
367 4135 390 4175 A
404 4132 428 4174 in
445 4144 519 4189 marg.
534 4133 579 4176 aliu
593 4144 676 4176 manu:
690 4129 752 4177 Nota
765 4133 829 4189 quod
841 4143 923 4177 rentur
934 4131 1079 4188 figuraliter
1094 4131 1159 4188 equi·

167 4201 228 4243 volet
242 4201 339 4244 literali.
405 4199 438 4245 13.
455 4202 540 4246 Codd.:
556 4207 633 4246 lamen
647 4203 688 4245 ric.
743 4215 774 4258 ¹9·
791 4201 875 4246 (20de
891 4200 990 4245 dicetur.

225 4357 244 4392 ι,
265 4343 302 4392 De
322 4343 398 4392 Civili
420 4344 545 4394 Dominio
564 4344 594 4409 11,
613 4343 646 4395 62
666 4355 692 4395 et
711 4344 751 4403 ΙΙΙ,
773 4344 831 4411 5ι9.
