3008 5026
108 389 240 479 canan]
409 410 452 458 or:
473 408 683 459 eoruscare
704 410 801 460 eles.

108 567 167 629 vel
190 565 367 631 remissus.
404 563 479 630 Sed
502 565 681 648 presbiter
704 566 914 630 christianus
937 566 1096 631 innititur

107 669 211 733 titulo
244 669 437 733 elemosine
471 689 517 731 ex
555 669 675 750 gracia
712 688 779 732 nec
816 669 979 733 affidatur
1017 691 1095 736 cum

107 773 353 856 temporalium
386 773 639 856 perpetuitate,
671 774 735 837 sed
767 783 937 856 reputans
960 778 1028 839 hoc
1051 779 1095 839 ad

107 897 197 940 onus
211 877 394 954 instanter,
410 877 591 941 inturbate
607 886 644 939 et
657 877 835 940 humiliter
849 878 926 942 sine
942 879 1095 944 dominio

82 982 265 1064 §complet
287 980 516 1044 ministerium
540 981 609 1045 sibi
626 982 808 1057 creditum,
832 990 977 1065 paratus
993 984 1095 1048 susti·

9 1090 77 1142 228⁵
106 1105 191 1149 nere
216 1105 296 1147 cum
317 1085 448 1170 gaudio
465 1084 686 1148 ablacionem
707 1088 711 1168 Ι
732 1106 814 1168 ymo
837 1086 993 1169 rapinam
1010 1095 1094 1149 tem·

107 1189 279 1272 poralium
312 1189 342 1251 si
374 1189 568 1270 contingat.
613 1189 689 1252 Nec
723 1190 865 1253 videtur
900 1191 996 1273 quod
1028 1190 1096 1253 ista
1110 1201 1169 1297 bThe
1183 1210 1231 1298 ufvo
1245 1214 1298 1299 Ἧι]

106 1293 248 1357 nomina
270 1293 342 1355 sint
365 1292 501 1356 directe
525 1292 705 1375 opposita,
728 1312 807 1356 cum
824 1295 991 1357 sacerdos
1008 1293 1094 1356 chri·
1118 1263 1305 1402 rimsslffilinii

107 1398 240 1461 stianus
268 1396 313 1460 sit
341 1397 510 1459 sacerdos
538 1416 705 1460 cesareus
732 1398 790 1460 vel
817 1397 964 1460 remisse
992 1397 1095 1461 simul
1178 1370 1206 1403 Μ
1224 1371 1246 1414 γ’

64 1524 95 1556 ιο
107 1502 165 1563 vel
188 1520 255 1583 per
277 1500 391 1575 vices;
416 1509 563 1582 oportet
578 1509 696 1563 tamen
713 1519 852 1562 omnem
870 1502 1094 1565 sacerdotem

107 1623 287 1667 cesareum
312 1602 517 1667 salvandum
538 1602 677 1665 titulum
692 1602 909 1684 imperialem
926 1603 1094 1667 deserere

107 1716 142 1768 et
175 1707 211 1769 in
243 1705 405 1788 predicto
428 1705 531 1769 titulo
553 1705 706 1768 finaliter
735 1725 951 1771 consumare.
989 1706 1094 1770 Unde

104 1809 204 1872 multi
227 1809 454 1891 decipiuntur
476 1809 512 1872 in
534 1811 614 1885 hoc,
643 1809 740 1891 quod
762 1809 928 1892 ignorant
951 1828 1093 1874 sensum

106 1913 282 1995 scripture
299 1924 334 1976 et
351 1914 548 1990 doctorum,
572 1913 632 1996 qui
656 1933 744 1996 sepe
769 1913 977 1996 simpliciter
1000 1923 1036 1977 et
1057 1914 1094 1978 in

63 2025 92 2074 15
105 2036 213 2079 sensu
229 2017 429 2099 composito
444 2016 651 2098 intelligunt
666 2016 867 2080 huiusmodi
886 2026 1093 2100 aggregata,

105 2131 144 2183 ut
166 2120 258 2183 sicut
281 2121 483 2202 Apostolus
516 2120 610 2197 dicit,
643 2122 740 2203 quod
773 2122 876 2183 nichil
903 2127 1011 2202 potest
1038 2141 1094 2185 eos

103 2242 271 2305 separare
298 2245 321 2287 a
347 2226 492 2288 caritate
519 2225 594 2300 Dei,
632 2225 934 2308 subintelligendo
963 2224 1093 2307 simpli·

105 2328 194 2390 citer
215 2327 490 2410 predestinatos.
529 2326 589 2393 Sic
612 2328 829 2392 Aristoteles
858 2327 1025 2391 concedit
1048 2329 1092 2392 de

105 2433 241 2509 eodem,
280 2432 377 2514 quod
408 2434 526 2495 album
560 2432 690 2496 desinit
727 2452 809 2495 esse
848 2441 885 2495 et
922 2431 1092 2496 musicum

58 2558 92 2591 20
102 2544 230 2611 manet,
255 2544 292 2597 et
314 2535 521 2618 ignorancia
543 2536 661 2619 logice
685 2536 770 2599 facit
790 2537 920 2600 stultos
946 2536 1092 2600 credere

103 2639 199 2720 quod
214 2640 330 2702 nullus
345 2660 439 2721 papa
452 2649 577 2722 potest
589 2659 752 2722 peccare,
769 2660 812 2703 eo
828 2640 925 2723 quod
938 2659 1091 2722 peccare

102 2751 280 2824 repugnat
295 2742 427 2806 racioni
444 2743 563 2824 papali
572 2744 630 2805 vel
646 2744 771 2805 saltem
788 2742 901 2826 ipsam
915 2742 1091 2826 denigrat,

103 2857 138 2907 et
170 2846 222 2908 sic
253 2846 371 2910 faceto
404 2856 559 2909 scemate
587 2846 681 2909 dicta
709 2847 896 2909 doctorum
925 2848 971 2909 de
998 2865 1093 2929 papa

100 2948 304 3030 intelligunt
319 2948 618 3026 condicionaliter,
642 2949 855 3033 reputative,
883 2950 941 3012 vel
963 2949 1000 3012 in
1023 2968 1092 3012 una

56 3060 88 3110 25
101 3071 255 3133 persona
277 3051 454 3135 generalis
479 3061 516 3115 et
539 3052 651 3117 debiti
668 3052 778 3117 officii
796 3052 1090 3135 descripcionem,

101 3164 139 3216 ut
163 3154 322 3218 Christus
355 3175 444 3237 sepe
475 3155 667 3237 alloquitur
698 3156 845 3218 Petrum
879 3164 916 3219 et
947 3165 1090 3220 ceteros

100 3277 224 3319 omnes
241 3259 434 3340 apostolos.
450 3258 497 3321 Et
510 3259 579 3322 isto
590 3260 696 3322 modo
709 3259 866 3341 loquitur
875 3258 1089 3341 Jeronymus

101 3381 178 3424 cum
206 3362 459 3444 Lyncolniensi
491 3365 536 3424 de
560 3382 663 3444 papa,
695 3372 734 3425 ut
765 3372 865 3444 patet
897 3383 943 3425 ex
975 3362 1088 3427 dictis.

100 3463 175 3527 Sed
191 3473 227 3526 et
243 3465 471 3528 Bernhardus
489 3466 581 3529 libro
598 3465 633 3529 II
657 3466 703 3527 de
726 3484 819 3548 papa
842 3465 893 3529 sic
915 3465 1087 3548 loquitur:

55 3581 89 3630 30
100 3568 311 3649 Iudagemus
332 3571 380 3631 ad
400 3571 461 3632 hoc
475 3571 688 3651 diligencius,
704 3571 778 3649 quis
792 3571 851 3650 sis,
874 3588 980 3650 quam
992 3571 1089 3651 geris

94 3692 161 3754 pro
194 3679 346 3753 ternpore
372 3691 561 3754 personam
593 3675 630 3736 in
662 3674 801 3737 ecclesia
827 3673 903 3751 Dei,
934 3675 1011 3754 quis
1042 3693 1087 3754 ιε,

98 3778 259 3840 sacerdos
291 3789 453 3858 magnam,
485 3796 645 3842 summus
672 3777 835 3858 pontifex,
862 3782 898 3839 tu
923 3779 1086 3860 princeps

151 4063 188 4094 20.
197 4050 214 4094 u
222 4050 245 4093 in
255 4063 341 4107 marg:
351 4051 477 4096 Multorum
484 4053 573 4096 solacio
580 4057 781 4107 argumentorum.
790 4051 840 4096 Rec.
851 4063 914 4095 mun.
964 4064 999 4096 21.
1008 4052 1084 4096 Codd.

97 4119 222 4230 llpmarge
243 4119 329 4175 Papam
348 4133 394 4164 non
410 4133 479 4176 porse
495 4133 601 4176 peccare.
656 4119 693 4165 30.
709 4121 785 4164 Codd.
800 4121 823 4164 in
839 4132 925 4176 marga
945 4119 1008 4176 Pape
1022 4121 1083 4165 laus.

117 4188 182 4232 eruit.

153 4313 190 4364 16.
210 4313 287 4366 Rom.
302 4314 367 4376 Vlll,
389 4316 428 4382 39.
501 4316 543 4366 30.
560 4315 577 4367 Ι.
597 4329 618 4366 c.
638 4329 697 4380 pag.
716 4313 776 4380 751·
