3008 5026
706 358 875 410 JOHANNiS
894 357 1034 408 WYCLIF
1208 341 1289 423 [CAl‘.
1305 354 1370 399 vm.

376 532 443 577 non
465 515 608 596 pedibus
629 515 689 579 sed
711 515 827 590 corda·
848 514 908 578 ubi
929 515 1143 595 evangelium
1166 516 1295 595 audivi,
1319 516 1369 578 ibi

376 619 518 694 credidi,
545 624 576 682 rt
598 619 671 683 ille:
693 618 770 682 Non
793 619 1003 684 asmundus.
1031 617 1171 699 Quare?
1192 619 1274 699 quia
1297 637 1367 682 non

375 721 439 803 sui
461 723 515 787 ibi.
547 721 627 786 Hec
650 722 880 807 Augustinus,
912 722 960 786 Et
981 730 1090 805 patet,
1120 742 1199 785 cum
1222 722 1366 805 opposi-

376 835 491 890 torum
509 837 563 890 est
584 829 706 891 eadem
723 826 917 910 disciplina,
940 826 1181 891 Antichristus
1197 836 1313 891 autem
1330 838 1368 890 et

377 929 538 994 Christus
570 940 653 995 sunt
683 930 851 1015 oppositi,
884 939 1030 1014 oportet
1062 933 1158 1014 quod
1190 930 1392 1015 scripturas

178 1046 254 1091 There
268 1047 289 1090 i·
303 1054 344 1090 not
377 1034 606 1100 condiciones
645 1034 775 1099 Christi
812 1036 999 1118 detegens,
1036 1036 1209 1100 indirecte
1248 1036 1365 1098 condi-

167 1100 354 1246 Αιιῗὲῗιιτξῗῑκὺιιι
376 1139 500 1203 cinnes
533 1141 681 1223 detegat
703 1138 922 1204 Antichristi.
954 1139 1042 1203 ideo
1066 1140 1152 1204 dicit
1175 1140 1366 1223 capitulum

279 1216 300 1260 γ’
375 1243 575 1327 predictum
599 1245 644 1307 de
668 1243 902 1308 Antichristo:
927 1242 1141 1309 Scrutamini
1162 1245 1365 1326 scripturas,

374 1350 456 1428 quia
479 1350 613 1430 putatis
635 1350 669 1411 in
697 1349 768 1411 iltis
793 1349 914 1411 habere
936 1349 1044 1412 vitam
1071 1353 1234 1426 eternam,
1257 1354 1287 1412 et
1309 1349 1367 1411 ille

373 1458 536 1534 suntque
558 1454 790 1517 testimonium
811 1454 984 1534 perhibent
1005 1453 1047 1516 de
1070 1471 1133 1518 me.
1156 1452 1262 1515 Unde
1285 1453 1408 1515 red-10

375 1556 548 1639 arguendi
579 1565 662 1620 sunt
693 1556 870 1640 fingentes
903 1557 999 1639 quod
1028 1557 1141 1619 solum
1175 1556 1243 1619 erit
1274 1576 1365 1619 unus

376 1658 626 1743 Antichristus,
644 1660 704 1742 qui
713 1660 959 1742 procreabitur
975 1680 1023 1723 ex
1038 1659 1146 1723 fratre
1162 1668 1198 1722 et
1213 1659 1364 1740 moniali,

374 1764 455 1847 quia
487 1774 622 1828 certum
655 1776 711 1828 est
743 1766 840 1848 quod
872 1765 986 1828 omnis
1018 1765 1261 1848 dampnandus
1299 1765 1366 1828 erit

373 1869 624 1951 Antichristus,
648 1879 684 1932 et
707 1869 883 1953 scriptura
906 1871 1013 1933 docet
1034 1889 1102 1933 nos
1125 1868 1176 1932 sic
1198 1869 1299 1951 loqui
1320 1870 1364 1932 de

372 1973 447 2053 illo;
475 1973 557 2037 ideo
581 1973 702 2037 fabule
730 1976 820 2037 tales
845 1975 963 2037 celant
984 1974 1114 2037 multos
1124 1971 1364 2037 Antichristos
1379 1983 1407 2032 15

374 2091 410 2142 et
437 2079 583 2161 palliant
611 2098 733 2141 eorum
761 2078 953 2160 versucias,
980 2077 1033 2143 sic
1061 2078 1158 2160 quod
1182 2077 1364 2141 incaucius

373 2191 620 2266 precaventur.

196 2282 329 2328 *Mirm
418 2287 831 2351 Terciumtestimonium
846 2287 1031 2352 notificans
1041 2287 1253 2351 Antichristi
1263 2286 1364 2351 disci·

155 2336 365 2379 mmmm

182 2389 275 2432 0f¹⁰³¹¹
289 2349 337 2432 3¹¹⁶
374 2393 480 2474 pulos
504 2402 569 2475 est,
593 2394 690 2475 quod
713 2393 784 2457 sint
807 2393 956 2476 gloriam
977 2395 1021 2456 ab
1044 2391 1196 2456 invicem
1213 2412 1364 2474 exspec-

179 2448 220 2484 no:
235 2440 336 2484 OfGOd'
373 2503 489 2559 tantes
514 2506 549 2559 et
572 2496 730 2579 gloriam,
754 2516 824 2579 que
848 2517 868 2559 a
891 2498 969 2559 solo
991 2498 1072 2559 Deo
1097 2505 1161 2576 est,
1183 2516 1255 2561 non
1278 2514 1409 2579 que-20

370 2609 501 2677 rentes,
526 2610 565 2665 ut
585 2601 692 2664 docet
707 2600 850 2665 Veritas
865 2601 944 2680 Joh.
961 2600 1012 2676 V;
1035 2620 1114 2663 nam
1137 2599 1173 2663 in
1189 2602 1258 2663 hoc
1282 2609 1364 2663 sunt

371 2701 511 2768 Christo
537 2705 713 2784 contrarii,
738 2705 799 2789 qui
820 2706 993 2769 instanter
1014 2704 1101 2769 fecit
1122 2713 1225 2768 actus
1246 2703 1363 2767 iustis·

370 2807 489 2880 simos,
528 2818 564 2873 et
601 2810 922 2892 correspondenter
953 2810 997 2872 ad
1025 2808 1106 2872 illos
1138 2807 1364 2891 exspectavit

369 2911 518 2995 gloriam
542 2932 561 2975 a
583 2914 662 2976 solo
685 2914 776 2977 Deo.
816 2913 921 2977 Unde
952 2913 989 2975 in
1015 2912 1181 2996 predicto
1205 2911 1361 2994 capitulo

369 3014 538 3093 Johannis
562 3018 606 3079 de
629 3015 861 3080 Antichristo:
890 3017 1010 3098 Amen,
1032 3035 1134 3081 amen
1157 3016 1233 3079 dico
1260 3017 1405 3096 verinae

370 3137 436 3183 non
460 3126 570 3202 potest
592 3121 696 3201 filius
722 3141 745 3184 a
771 3140 807 3184 se
830 3123 904 3204 ipso
922 3120 1046 3202 facere
1069 3122 1261 3203 quicquam,
1294 3121 1363 3184 nisi

369 3226 459 3302 quod
474 3227 597 3288 viderit
607 3231 745 3306 patrem
752 3225 953 3307 facientem.
976 3224 1120 3307 Exque
1141 3233 1242 3308 patet
1264 3224 1362 3307 quod

371 3337 517 3410 oportet
550 3329 666 3391 omnia
698 3349 809 3412 opera
833 3328 963 3395 Christi
995 3349 1077 3394 esse
1102 3328 1302 3406 iustissima,
1326 3336 1362 3390 et

371 3431 423 3495 sic
445 3432 655 3518 intelligitur
678 3434 869 3497 auctoritas
893 3433 1022 3499 Christi
1046 3453 1215 3516 sequens:
1235 3431 1240 3519 l
1259 3431 1360 3497 Iudi·
1391 3441 1453 3489 208·

371 3536 463 3600 cium
486 3557 601 3601 meum
625 3539 754 3603 iustum
771 3544 828 3620 est,
852 3539 934 3620 quia
950 3557 1016 3602 non
1032 3557 1136 3622 quero
1153 3539 1360 3602 voluntatem
1373 3546 1405 3596 30

370 3660 485 3704 meam
513 3642 573 3704 sed
598 3644 804 3707 voluntatem
828 3646 911 3725 eius,
938 3645 997 3724 qui
1023 3645 1118 3708 misit
1144 3662 1209 3725 me,
1232 3644 1361 3725 patris.

371 3745 416 3807 Et
446 3753 547 3827 patet
575 3746 707 3811 veritas
739 3747 975 3811 connexionis
1003 3746 1201 3829 sequentis:
1227 3744 1266 3811 si
1289 3766 1360 3830 ego

426 4015 442 4049 t.
467 4004 513 4058 itt,-
534 4005 599 4050 cod:
624 4008 654 4049 et.
720 4017 743 4058 4
767 4007 801 4049 A:
825 4005 905 4050 eadem
928 4005 1002 4049 deest.
1073 4003 1106 4049 18.
1130 4006 1152 4049 Α
1176 4004 1200 4049 in
1224 4014 1311 4060 marga
1334 4016 1361 4059 3.

372 4086 411 4119 aa.
426 4073 537 4130 Brsacr't.

426 4201 449 4251 3.
480 4200 562 4249 Serm.
582 4198 685 4250 CXXIX
704 4199 721 4250 l.
740 4215 761 4251 c.
825 4198 848 4249 8.
880 4199 938 4251 Joh.
968 4199 1000 4261 V,
1032 4200 1073 4267 39.
1129 4200 1168 4251 25.
1187 4197 1245 4252 Joh.
1265 4198 1297 4261 V,
1321 4214 1359 4267 ¹9·

374 4301 414 4353 ²9·
433 4285 493 4338 Joh.
515 4288 544 4345 V,
565 4287 603 4338 30.
