3008 5026
97 374 167 418 cae.
186 361 248 441 xus]
399 378 442 426 nt:
463 376 673 426 POTESTATE
692 377 789 427 ΡΑΡΕ.

98 533 293 617 quemlibet
315 553 438 596 verum
461 553 599 616 papam.
633 532 751 595 Minor
773 541 890 596 autem
913 541 1014 615 patet
1037 552 1084 595 ex

97 640 177 715 hoc,
206 639 302 720 quod
329 645 452 719 pastor
475 637 523 718 (in
547 645 715 719 quantum
737 636 945 717 huiusmodi)
975 637 1085 699 debet

99 763 180 807 esse
211 743 363 806 medium
395 742 487 805 inter
518 743 635 804 Deum
668 751 704 804 et
737 743 908 824 populum
951 749 987 803 et
1019 761 1084 822 per

98 868 323 929 consequens
339 846 373 909 in
390 845 521 910 virtute
537 845 618 909 Deo
635 845 878 929 propinquior,
901 856 940 908 ut
956 843 1084 908 diffuse

75 951 254 1013 5declarat
269 953 395 1014 beatus
413 950 607 1035 Gregorius
628 951 689 1013 ubi
712 970 828 1032 supra.
851 950 897 1012 Et
920 958 1021 1033 patet
1037 970 1085 1012 ex

97 1055 166 1117 hoc
191 1057 285 1137 quod
313 1055 527 1118 distribuere
555 1055 739 1132 beneficia,
768 1055 935 1118 decidere
962 1074 1085 1118 causas

98 1159 221 1222 civiles
246 1167 283 1221 et
306 1169 434 1238 cetera,
458 1181 528 1243 que
551 1179 623 1223 non
640 1168 722 1224 sunt
741 1158 1001 1243 preeminencie
1018 1159 1085 1221 vir·

98 1272 212 1325 tutum
230 1263 355 1341 officia,
372 1273 455 1327 sunt
470 1264 646 1327 abiectum
664 1262 818 1326 officium
834 1263 982 1345 laycale,
1002 1263 1084 1326 ideo

98 1368 198 1430 iuxta
213 1370 354 1431 beatum
373 1367 584 1451 Gregorium
600 1369 645 1430 ad
662 1388 789 1450 papam
805 1387 876 1429 non
896 1367 1085 1449 pertinent

58 1495 88 1530 ιο
98 1473 199 1534 Deus
215 1471 323 1552 igitur
340 1472 441 1554 eligit
457 1493 536 1535 eurn
552 1473 586 1535 in
604 1493 731 1555 papam
755 1471 814 1554 qui
835 1471 881 1534 ad
896 1470 1085 1534 iuvandum

98 1576 270 1658 populum
302 1577 502 1658 preeminet
523 1585 713 1659 potestate,
747 1585 784 1639 et
818 1575 918 1639 aliter
948 1576 984 1639 in
1015 1576 1085 1639 isto

99 1679 269 1743 deficiens
307 1690 362 1743 est
400 1681 641 1745 Antichristus
680 1690 717 1744 et
752 1680 997 1763 pseudopapa,
1039 1700 1085 1742 ex

98 1783 248 1846 fictione
271 1785 446 1848 mendacii
469 1795 505 1847 et
528 1785 755 1848 fraudacione
779 1784 897 1848 officii.

144 1888 200 1950 Ex
222 1889 300 1952 istis
318 1889 459 1953 videtur
481 1889 578 1972 quod
601 1909 705 1952 nemo
722 1898 879 1952 sumeret
895 1888 962 1953 sibi
976 1889 1085 1950 hono·
1122 1902 1200 1946 Hence
1215 1913 1276 1944 none

1123 1955 1207 1998 should
1223 1955 1275 1996 take

59 1999 173 2056 rirem
206 1994 379 2074 papalem,
417 2002 456 2056 ut
488 1993 572 2057 dicit
603 1995 812 2076 Apostolus,
852 1993 919 2056 nisi
951 2013 970 2055 a
1003 1993 1085 2054 Deo
1105 2007 1296 2102 fffiss'ssssssfflssssss,

99 2097 324 2160 revelacione
356 2097 565 2162 abscondita
597 2099 642 2162 sit
674 2108 837 2173 vocatus;
870 2118 949 2160 nam
977 2099 1088 2161 debet
1102 2112 1180 2207 ciffi
1190 2109 1295 2212 pppsggt

100 2220 321 2283 cognoscere
360 2202 457 2284 quod
496 2202 563 2265 nisi
601 2202 731 2265 virtute
779 2202 999 2285 praemineat
1033 2210 1088 2264 est
1117 2218 1289 2311 appopnffiipn

101 2304 297 2368 contrarius
321 2305 470 2370 veritati.
494 2304 568 2369 Sed
583 2306 663 2388 quis
683 2305 750 2369 scit
765 2307 854 2368 hoc?
879 2305 965 2369 Cum
981 2305 1088 2389 igitur

100 2409 220 2492 gracia
251 2409 362 2474 fastus
394 2412 453 2472 vel
485 2420 633 2493 questus
667 2410 847 2492 accipiens
880 2409 1086 2495 dignitatem

56 2514 299 2577 20huiusm0di
331 2534 370 2577 se
393 2514 509 2596 ipsum
535 2515 821 2577 excommunicat
843 2514 878 2577 in
901 2513 1087 2596 principio,

100 2626 201 2701 patet
243 2639 346 2701 quam
389 2638 554 2704 magnum
597 2618 793 2702 periculum
836 2627 892 2681 est
932 2617 968 2680 in
1009 2637 1087 2700 pre·

102 2724 308 2806 sumpcione
325 2721 404 2786 talis
421 2723 537 2786 officii.
555 2724 642 2786 Ideo
661 2723 746 2786 dicit
763 2721 958 2805 Gregorius
974 2720 1088 2805 primo

101 2827 333 2891 Pastoralium
350 2827 420 2891 IX:
446 2827 531 2893 Cum
547 2848 670 2891 curam
686 2828 810 2910 populi
832 2828 952 2891 electus
970 2825 1090 2908 presul

100 2934 252 3014 suscipit,
267 2935 367 3013 quasi
389 2935 438 2995 ad
457 2947 579 3014 egrum
601 2934 754 2996 medicus
769 2933 905 2995 accedit.
929 2928 969 2994 Si
983 2931 1091 3012 igitur

58 3038 212 3099 riadhue
243 3039 280 3099 in
311 3037 385 3100 eius
415 3055 556 3118 corpore
575 3037 756 3118 passiones
780 3038 983 3115 vivuntque
1005 3052 1089 3116 pre-

102 3141 299 3222 sumpcione
317 3160 480 3221 pereussa
504 3142 636 3203 mederi
654 3146 831 3222 properat,
858 3141 916 3221 qui
943 3140 978 3201 iu
995 3137 1091 3217 facie

101 3247 226 3308 vulnus
249 3250 378 3327 portat.
417 3244 464 3307 Et
491 3242 580 3306 infra
604 3243 676 3306 XI:
707 3245 866 3308 Sollerter
892 3262 928 3306 se
953 3244 1092 3323 quisque

103 3351 282 3428 meriatur,
316 3368 357 3412 ne
387 3352 499 3412 locum
531 3350 714 3431 regiminis
745 3360 923 3412 assumere
955 3348 1091 3425 audeat,

103 3455 136 3518 si
157 3455 268 3517 adhuc
280 3455 361 3516 inse
378 3454 504 3516 vicium
520 3455 790 3535 dampnabiliter
804 3457 936 3533 regnat.
959 3451 1001 3513 Et
1015 3451 1093 3514 hinc

61 3565 94 3614 30
103 3576 256 3638 superna
288 3576 364 3621 voce
395 3557 497 3620 Levit.
525 3556 623 3620 XXI.
647 3559 687 3620 17
714 3559 761 3620 ad
787 3556 927 3636 Moysen
955 3556 1092 3636 dieitur,

103 3664 202 3724 homo
237 3663 278 3724 de
308 3663 437 3725 semiue
467 3667 523 3724 tuo
552 3680 618 3742 per
648 3660 818 3741 familias
848 3661 907 3740 qui
936 3659 1093 3722 habuerit

11 3776 74 3828 251·
104 3768 280 3829 maculam
304 3784 371 3828 uon
395 3785 413 3828 0
445 3771 520 3829 erat
537 3784 649 3847 panes
670 3765 742 3828 Deo
763 3762 767 3849 Ι
786 3783 848 3828 suo
872 3782 932 3826 nee
955 3763 1094 3826 accedat

104 3871 152 3933 ad
174 3870 407 3933 ministerium
431 3871 512 3933 eius.
544 3869 589 3931 Et
612 3868 706 3931 forte
731 3868 760 3932 si
782 3867 909 3950 prelati
931 3867 1051 3929 forent
1072 3886 1094 3928 a

103 3974 186 4036 Deo
212 3972 400 4036 examinati
421 3973 599 4049 radicitus,
624 3980 905 4056 cognosceretur
924 3970 1021 4052 quod
1045 3988 1093 4031 ex

159 4191 196 4237 23.
214 4193 316 4237 Rectius:
335 4192 390 4236 Cum
404 4204 505 4236 causam.
561 4193 598 4247 34.
613 4192 702 4237 codd:
718 4205 747 4237 ex
761 4192 833 4237 deest.

161 4303 200 4353 23.
220 4303 259 4351 De
277 4302 346 4352 Cura
365 4303 434 4351 Past.
454 4302 472 4364 l,
490 4317 515 4369 9.
