3008 5026
144 388 212 438 cae.
226 378 258 466 i]
443 398 488 448 oe
509 396 719 449 emesenae
740 398 837 448 enee.

142 554 271 617 limites
287 555 478 638 potestatis
494 555 590 619 talis:
620 555 745 635 Talem,
770 555 892 637 inquit,
907 556 1002 620 Dens
1017 558 1129 623 Pilato

141 661 283 723 dederat
293 665 504 741 potestatem,
532 665 569 722 ut
592 664 675 722 esset
698 661 807 723 eciam
829 663 892 723 sith
914 663 1044 726 cesaris
1062 682 1128 744 po-

142 769 265 829 testate.
304 763 408 828 Unde
442 764 583 847 quidam
613 763 818 846 intelligunt
851 763 1025 828 Christum
1057 786 1130 830 non

142 871 255 932 solum
280 868 482 950 intelligere
511 866 696 931 dacionem
727 868 918 951 potestatis
940 869 1044 961 Pilati
1071 871 1129 933 de·

117 990 252 1057 §super
274 993 347 1036 non
366 973 480 1036 solum
497 994 517 1036 a
532 973 614 1036 Deo
632 972 697 1035 sed
714 991 848 1055 cesare,
872 973 955 1056 quia
971 994 1129 1038 cesarem

141 1079 222 1162 plus
260 1077 376 1141 timuit
413 1087 453 1142 ut
495 1086 654 1141 autorem
697 1078 886 1160 potestatis
923 1099 988 1142 sue
1026 1100 1130 1162 quam

142 1181 307 1246 occidere
330 1202 454 1264 regem
478 1181 596 1267 gentis
621 1181 745 1246 aliene.
770 1179 844 1246 Sed
868 1182 974 1247 timor
989 1183 1048 1247 ille
1064 1184 1131 1248 fuit

141 1286 292 1369 servilis,
316 1307 396 1350 cum
418 1284 624 1369 postposita
645 1287 769 1370 regula
790 1287 982 1370 potestatis
999 1287 1129 1360 divine,

141 1413 213 1457 non
245 1391 360 1455 timuit
388 1390 552 1453 occidere
584 1390 824 1471 innocentem3
857 1391 1130 1457 excusacionem

101 1526 132 1559 ιο
143 1506 258 1561 autem
274 1515 346 1560 non
361 1494 494 1574 habuit,
519 1515 597 1558 cum
618 1496 777 1559 excessit
791 1504 1008 1579 potestatem
1025 1517 1130 1580 quam

139 1603 297 1665 habebat
337 1619 357 1663 a
398 1619 530 1680 cesare,
582 1600 644 1682 qui
682 1600 802 1684 potuit
835 1602 1051 1683 pretendere
1089 1621 1129 1665 se

142 1708 226 1771 dare
259 1713 475 1789 potestatem
509 1704 696 1769 adversum
727 1703 928 1788 Dominum,
961 1707 1027 1768 sed
1057 1726 1130 1770 non
1159 1720 1240 1764 Power
1254 1721 1275 1764 u
1289 1727 1330 1764 not

1153 1787 1166 1816 n
1182 1774 1227 1816 rell
1239 1773 1338 1817 existent

140 1813 250 1876 Deus.
1167 1827 1239 1882 thing,
1255 1830 1322 1870 buta

1178 1887 1282 1934 grentio
1296 1890 1310 1921 a

184 1916 232 1979 Et
254 1914 394 1977 videtur
425 1911 509 1976 mihi
540 1912 665 1996 quinto
698 1916 797 1997 quod
819 1913 988 1999 magister
1022 1915 1132 1979 docet
1141 1940 1252 2002 ,creature
1265 1939 1289 1974 ιο
1303 1936 1339 1974 aa

100 2031 129 2081 15
142 2018 336 2083 misterium
358 2018 603 2101 metaphysice
627 2038 693 2102 per
715 2020 795 2096 hoc,
820 2020 917 2102 quod
950 2018 1035 2082 dicit
1061 1996 1163 2084 κιέἰιη
1179 1984 1254 2029 ⁰⁰d⁸
1269 1995 1345 2026 Μ

142 2125 264 2187 datum
287 2128 370 2186 esset
392 2123 453 2185 tibi
473 2123 627 2204 desuper,
660 2143 730 2185 non
763 2124 877 2186 solum
906 2125 1003 2206 quod
1030 2144 1130 2188 cesar

142 2246 213 2291 non
246 2227 308 2290 dat
339 2226 406 2290 nisi
427 2227 529 2290 Deus
560 2227 659 2310 prius
693 2227 842 2304 dederit,
871 2248 994 2291 verum
1018 2228 1129 2292 eciam

143 2331 241 2413 quod
273 2339 439 2414 potestas
477 2352 550 2395 non
582 2340 639 2394 est
670 2331 757 2414 quid
784 2332 994 2414 absolutum,
1030 2334 1129 2417 quod

142 2444 270 2519 posset
291 2455 358 2518 per
380 2455 420 2498 se
444 2434 613 2507 existere,
637 2436 702 2498 sed
724 2444 887 2519 potestas
912 2436 1039 2501 dicitur
1055 2438 1129 2502 dari

98 2565 132 2602 20
143 2543 187 2604 ab
211 2549 346 2622 autore,
370 2541 511 2622 quando
536 2539 655 2602 datum
679 2548 735 2603 est
758 2542 873 2603 aDeo
893 2550 1066 2623 creature,
1090 2550 1130 2606 ut

143 2643 302 2708 ministro
320 2643 397 2723 Dei,
421 2645 519 2726 quod
542 2642 593 2706 sic
611 2652 670 2707 aut
693 2645 744 2707 sic
767 2642 922 2708 sufficiat
943 2645 1061 2708 facere
1086 2647 1130 2710 ad

143 2749 317 2833 populum
338 2748 375 2811 in
397 2747 467 2811 Dei
490 2748 632 2811 nomine
654 2749 896 2831 regulandum,
920 2758 957 2812 et
981 2751 1129 2814 credere

46 2863 109 2916 166·
144 2853 243 2936 quod
263 2855 333 2916 hoc
356 2851 403 2916 sit
424 2872 483 2916 res
506 2873 577 2936 que
599 2862 724 2936 posset
743 2857 748 2935 Ι
768 2874 834 2937 per
866 2874 904 2916 se
934 2874 1013 2918 esse
1037 2854 1131 2919 foret

143 2957 245 3021 nimis
268 2977 398 3041 magna
420 2957 587 3034 stulticia3
612 2967 650 3021 et
672 2957 723 3022 sic
739 2979 805 3042 per
820 2960 889 3022 hoc
902 2958 1129 3043 participium

99 3072 308 3128 25neutrum
353 3064 474 3126 datum
523 3062 779 3127 convenienter
822 3063 1031 3147 exprimitur
1071 3084 1130 3128 res

143 3168 246 3232 verbi
263 3167 495 3251 exprimenda
515 3189 583 3252 per
606 3169 844 3252 complexum,
864 3178 904 3232 ut
920 3187 1131 3233 concessum

145 3283 201 3337 est
232 3282 405 3354 creature,
438 3275 535 3356 quod
565 3273 741 3359 legittime
773 3272 887 3357 possit
921 3274 956 3337 in
989 3273 1131 3337 nomine

143 3376 287 3441 Domini
317 3377 492 3460 regulare,
526 3387 563 3441 et
592 3378 653 3441 illa
685 3378 833 3441 licencia
872 3386 927 3441 est
960 3387 1131 3461 potestas,

145 3501 249 3565 quam
267 3482 368 3545 Deus
391 3501 485 3545 nunc
509 3483 570 3544 dat
591 3482 792 3546 immediate
816 3503 881 3566 per
904 3502 955 3564 se,
980 3494 1016 3545 et
1038 3502 1132 3546 nunc

101 3602 210 3669 toper
246 3588 498 3651 sacramentale
536 3579 766 3650 ministerium
805 3588 848 3650 ad
881 3587 1132 3651 notificandum

144 3691 282 3774 populo
305 3689 375 3753 Dei
397 3690 589 3754 licenciam.

199 3976 220 4021 7.
236 3965 277 4008 ΑΒ
292 3965 315 4008 in
331 3977 416 4022 mmp:
434 3964 540 4010 Potestas
554 3967 668 4022 quomodo
683 3965 770 4010 dlettur
784 3966 845 4009 dart.
