3008 5026
706 401 875 454 tonsurus
895 402 1037 453 wislae
1227 377 1308 468 [cae.
1330 393 1372 439 rx.

379 561 410 624 si
426 559 505 624 talis
521 559 621 643 prius
638 569 695 624 est
710 570 864 638 sanctus,
887 559 1072 624 luciferina
1090 556 1238 621 affeccio
1254 557 1372 620 laudis

379 665 558 729 hominum
584 665 764 748 extinguit
786 665 1009 729 sanctitatem
1033 683 1135 747 quam
1159 662 1303 745 reperit.
1331 659 1373 725 Si

379 770 427 833 sit
450 791 594 853 semper
617 791 689 834 non
706 780 860 847 sanctus,
884 769 1021 833 inducit
1035 769 1071 832 in
1087 789 1128 832 se
1144 777 1180 831 et
1197 768 1372 851 populum

379 875 590 938 blasfemum
606 875 836 939 mendacium.
855 876 960 939 Unde
976 873 1210 957 papaPetrus
1224 871 1258 934 II
1269 871 1372 934 Petri

380 980 457 1056 11‚1
485 981 678 1062 prophetat
701 981 746 1042 de
762 981 906 1044 talibus:
931 979 1051 1061 Erum,
1074 976 1197 1061 inquit,
1219 978 1397 1058 pseudo-5

375 1086 537 1168 prophete
564 1086 599 1147 in
624 1086 764 1166 popula,
791 1087 878 1148 sicnt
906 1086 941 1146 in
965 1085 1057 1148 vobis
1084 1089 1183 1146 erunt
1207 1082 1373 1162 magistri

380 1191 569 1270 nzenaaces,
604 1197 640 1251 et
672 1200 756 1271 post
784 1189 911 1251 diffuse
939 1186 1111 1251 describit
1139 1207 1202 1250 eos
1236 1186 1371 1262 dicens

381 1294 478 1375 quod
502 1303 584 1356 sunt
599 1295 697 1356 velut
721 1292 978 1356 irracionabilia
997 1312 1140 1375 pecora,
1163 1292 1198 1354 in
1213 1290 1280 1353 hiis
1298 1310 1371 1373 que

164 1387 236 1431 ΜΨ
266 1387 369 1431 ΜΝ
380 1398 545 1482 ignorant
556 1397 805 1478 blasfemantes.
815 1398 920 1461 Tales
930 1396 1186 1478 forentilli‚qui
1197 1395 1371 1472 dicerent,

183 1447 208 1481 to
244 1440 351 1483 istrlbutc

180 1493 219 1535 ¹¹¹⁰
234 1493 314 1536 ΝΜ
329 1493 356 1536 ⁰f
381 1504 478 1585 quod
494 1503 626 1566 habent
643 1523 689 1565 ex
707 1502 887 1566 eleccione
903 1502 1082 1565 hominum
1099 1501 1208 1564 eciam
1229 1499 1371 1563 notorie
1386 1521 1416 1553 ιο

197 1545 234 1588 llic
249 1545 336 1590 Saluta.

380 1626 633 1689 perversorum
656 1616 873 1688 potestatem
897 1606 1108 1670 absolvendi
1131 1628 1151 1669 a
1173 1624 1267 1689 pena
1291 1612 1328 1668 et
1351 1623 1372 1666 a

381 1712 486 1793 culpa
517 1719 553 1774 et
586 1712 808 1775 concedendi
843 1732 889 1774 ex
928 1711 1196 1794 supererogatis
1234 1708 1371 1772 meritis

381 1825 594 1891 sanctorum,
611 1815 810 1879 distributis
820 1817 864 1878 ad
880 1815 1018 1880 libitum
1031 1814 1276 1896 indulgencias
1292 1812 1369 1876 sine

380 1920 460 1982 fine.
477 1921 524 1983 Et
534 1921 622 1983 tales
640 1920 871 1984 communiter
886 1920 1052 2002 ignorant
1064 1939 1175 1982 voces
1187 1918 1369 2001 proprias;

382 2033 420 2088 et
450 2025 530 2087 illos
561 2028 689 2088 beatus
720 2026 829 2104 Judas
863 2024 1032 2088 describit
1065 2044 1131 2107 per
1160 2025 1239 2098 hoc,
1271 2024 1414 2104 quode

380 2149 441 2192 ma
461 2126 465 2214 l
486 2131 639 2192 iestatem
662 2129 878 2211 blasfemant,
911 2139 948 2192 et
971 2129 1031 2191 ubi
1056 2139 1200 2191 sanctus
1223 2128 1371 2191 Michaet
1402 2134 1463 2184 ²13·

380 2236 562 2316 disputans
585 2253 663 2297 cnm
686 2236 828 2315 dyabolo
848 2255 915 2316 pro
932 2235 1045 2315 Moysi
1059 2253 1211 2313 corpore,
1234 2238 1371 2295 nonest

381 2358 489 2403 ansns
520 2342 556 2402 tn
589 2341 705 2418 ipsum
738 2339 868 2420 inferre
898 2340 1077 2415 indicium,
1109 2341 1159 2402 hii
1189 2343 1369 2418 tamqnam

381 2450 479 2507 mitta
494 2445 665 2506 animatia
682 2445 856 2526 offendant
871 2447 906 2507 in
922 2446 999 2520 niis,
1021 2463 1084 2525 qne
1099 2448 1225 2506 norant
1243 2443 1370 2505 noticia

380 2549 540 2626 sensibili,
552 2568 630 2610 cum
648 2549 778 2611 audent
794 2550 883 2611 ultra
900 2550 1147 2631 archangelum
1157 2547 1370 2610 maledicere
1384 2566 1417 2600 20

382 2651 665 2735 quibuscumque
686 2653 746 2735 qui
771 2652 947 2715 voluntati
967 2672 1029 2715 sue
1054 2651 1260 2727 restiterint,
1285 2650 1371 2713 licet

381 2756 549 2839 ignorent
572 2759 617 2820 de
642 2757 693 2820 eis
718 2757 872 2820 divinum
896 2756 1071 2820 iudicium.
1101 2756 1148 2819 Et
1171 2776 1280 2838 super
1301 2756 1369 2818 hec

382 2861 593 2924 blasfemant
613 2861 756 2944 gravius
781 2862 952 2938 dicentes,
977 2863 1073 2944 quod
1090 2869 1237 2944 oportet
1251 2862 1370 2923 Deum

382 2964 513 3029 virtute
549 2965 740 3028 eleccionis
779 2966 831 3030 eis
869 2965 1035 3029 assistere
1074 2975 1111 3029 et
1149 2984 1370 3047 quecumque

381 3069 609 3152 promiserint
632 3071 677 3133 ad
696 3070 854 3152 implere.
878 3069 983 3132 Unde
1007 3079 1150 3133 sanctus
1167 3070 1370 3152 Apostolus
1383 3075 1414 3125 25

383 3175 556 3239 describit
588 3195 652 3238 eos
685 3184 769 3238 nota
796 3174 987 3257 sextuplici
1015 3177 1267 3256 superborum:
1296 3173 1371 3251 Hii,

381 3278 504 3360 inquit,
528 3281 658 3343 suntin
675 3281 784 3358 epulis
803 3281 877 3343 suis
892 3282 1035 3357 macule,
1052 3281 1274 3358 convivantes,
1297 3280 1372 3342 sine

380 3385 505 3446 timore
527 3402 563 3446 se
586 3385 679 3463 ipsos
701 3389 884 3463 pascentes,
913 3385 1016 3446 nubes
1038 3385 1111 3446 sine
1133 3402 1235 3464 aqua,
1262 3401 1325 3463 qne
1349 3403 1372 3444 a

382 3490 488 3552 ventis
519 3488 823 3569 circumferuntur,
862 3489 1003 3551 arbores
1040 3489 1283 3567 atttnmpnales
1314 3489 1371 3550 in-

382 3590 571 3673 fructuose,
586 3593 637 3655 bis
652 3597 796 3669 istoriae,
812 3593 993 3671 eradicate,
1008 3593 1141 3671 flnctus
1155 3591 1233 3672 feri
1247 3593 1371 3671 maris,
1384 3600 1418 3651 30

381 3698 624 3777 despumantes
660 3717 744 3761 snas
782 3697 1005 3777 confusiones,
1043 3697 1161 3760 sidera
1199 3697 1372 3777 errancia,

382 3804 501 3885 quibas
523 3805 673 3881 procella
695 3803 913 3865 tenebrat-nm
936 3806 1136 3864 conservata
1158 3807 1206 3864 est
1229 3803 1263 3864 in
1283 3806 1371 3863 eter-

382 3925 475 3970 num.
499 3905 544 3968 Et
561 3905 629 3969 ista
645 3926 721 3982 sex,
747 3925 826 3968 cum
843 3905 913 3968 sint
937 3905 1111 3987 scriptura
1134 3924 1243 3980 sacra,
1267 3904 1374 3967 decet

434 4162 456 4200 4.
473 4146 549 4191 Codd.
563 4147 587 4192 in
603 4159 689 4202 murga
714 4146 805 4191 Prelatt
817 4149 875 4191 malt
887 4148 1002 4203 quomodo
1016 4148 1046 4190 ab
1060 4146 1174 4202 apostolis
1188 4149 1243 4189 runt
1254 4144 1373 4201 descripti.

386 4218 418 4260 16.
435 4217 464 4260 B:
481 4222 506 4261 ut
520 4217 565 4260 uti.
622 4231 655 4261 21.
671 4217 760 4262 codd:
775 4217 927 4263 restituerint.

440 4342 477 4394 16.
496 4344 580 4393 tudae
601 4344 648 4408 Ep.
669 4344 728 4408 1,8ἲ
749 4361 772 4410 n,
797 4360 835 4396 ιω,
909 4358 948 4407 24.
967 4345 1050 4395 Judee
1074 4357 1110 4405 ιι,
1133 4343 1171 4394 13.
