3008 5026
702 391 871 443 lounuuls
891 389 1031 440 wreus
1225 366 1307 454 [cun.
1323 381 1365 439 11.

375 558 544 612 oneretur
566 556 637 611 tam
660 546 844 629 multiplici
867 544 1068 622 cerimonia,
1096 543 1240 628 gravius
1264 544 1367 626 quod

374 663 504 716 tantam
528 652 598 715 vim
625 660 737 735 ponat
762 650 798 714 in
826 652 894 728 illa,
922 660 959 715 et
986 648 1231 734 gravissimum
1264 649 1365 731 quod

374 776 478 821 nemo
502 766 625 840 potest
647 756 774 819 salvari
789 777 810 818 a
824 758 916 831 Deo,
939 764 979 818 ut
1002 754 1133 831 dicunt,
1156 752 1225 817 nisi
1241 753 1367 816 credat

376 873 413 926 et
450 862 601 945 accipiat
637 862 831 925 secundum
868 861 1015 923 formam
1057 859 1124 922 iarn
1162 867 1367 921 currentem

374 966 575 1030 huiusmodi
597 976 823 1031 sacramenta.
847 967 904 1028 De
927 963 1004 1029 istis
1026 972 1144 1027 autem
1159 963 1195 1026 in
1211 971 1392 1026 tractatu5

375 1071 426 1134 De
449 1069 683 1134 Sacramentis
711 1078 768 1133 est
793 1088 909 1132 sermo
933 1069 1051 1132 lacior.
1088 1069 1135 1132 Et
1162 1068 1214 1131 sic
1237 1086 1366 1130 conce·

375 1174 469 1237 ditur
507 1175 605 1256 quod
636 1184 758 1237 vestes
800 1174 1039 1237 sacerdotales
1077 1181 1115 1235 et
1160 1180 1368 1236 ornamenta

158 1309 293 1353 vennere
308 1319 345 1351 ma
376 1278 595 1361 episcopalia
633 1285 786 1361 possunt
821 1277 997 1342 introduci
1028 1276 1088 1359 pie
1125 1285 1163 1341 et
1184 1274 1366 1358 religiose,

161 1319 458 1468 biiieissiiffflissg‘licet
473 1382 689 1445 mendaciter
712 1391 748 1446 et
759 1382 865 1465 impie
883 1381 1101 1445 communius
1123 1381 1193 1444 sint
1204 1387 1367 1462 accepte,

179 1466 224 1509 ⁸¹¹³
240 1477 351 1521 ''W‘'
377 1497 416 1551 ut
438 1495 630 1551 tractantes
653 1487 741 1550 ritus
767 1488 939 1550 humanos
963 1495 1000 1550 et
1022 1494 1153 1550 statuta
1173 1484 1367 1562 hominurn,
1382 1511 1412 1544 ιο

375 1599 502 1655 notant
533 1590 689 1673 quinque
717 1591 930 1656 vestimenta
961 1590 1202 1667 sacerdotalia,
1234 1589 1367 1672 quibus

378 1695 611 1759 communiter
632 1695 788 1758 induitur
812 1697 1036 1773 celebrand0‚
1065 1704 1102 1758 et
1129 1694 1306 1758 variantur
1328 1695 1367 1758 in

377 1810 478 1884 parte
512 1805 555 1865 ab
588 1799 804 1863 ornamentis
836 1802 1060 1864 sacerdotum
1089 1799 1223 1864 veteris
1254 1809 1366 1864 testa·

378 1905 497 1982 menti,
522 1913 560 1968 ut
577 1906 733 1968 declarat
748 1902 859 1986 Hugo
883 1904 974 1968 libro
990 1905 1149 1967 secundo
1165 1905 1223 1967 De
1239 1902 1365 1969 Sacra·

377 2010 505 2072 mentis
521 2017 624 2091 parte
641 2009 696 2072 IV.
720 2008 928 2090 Singularis,
949 2009 1074 2091 inquit,
1096 2010 1231 2073 habitus
1244 2029 1365 2074 sacer·
1383 2016 1410 2066 15

377 2116 509 2177 dotibus
534 2111 661 2178 Christi
691 2115 727 2177 in
763 2115 954 2177 ministerio
982 2115 1143 2193 traditur,
1175 2120 1212 2178 nt
1234 2133 1301 2195 per
1328 2117 1368 2178 id

377 2221 466 2300 quod
479 2217 577 2299 soris
592 2224 738 2299 apparet
754 2221 871 2298 quales
886 2220 977 2281 intus
998 2238 1069 2281 esse
1088 2220 1229 2281 debeant
1250 2224 1365 2281 osten-

378 2326 491 2401 datur,
523 2342 707 2386 sacrarum
740 2327 856 2385 autem
888 2325 1030 2386 vestirnn
1063 2324 1152 2386 ritus
1179 2325 1313 2404 partim
1343 2343 1368 2386 a

378 2429 481 2492 veteri
502 2432 699 2490 testamento
722 2432 923 2508 assumptus
943 2432 1035 2490 estet
1052 2429 1186 2509 partim
1207 2446 1230 2488 a
1245 2430 1366 2508 patri-

378 2535 439 2596 bus
462 2533 541 2594 navi
566 2532 758 2594 testamenti
784 2532 945 2594 adiectus
981 2530 1121 2613 Legitur
1148 2531 1239 2594 eninr
1261 2531 1412 2598 Exod.²0

378 2635 547 2715 XXVIII,
590 2635 728 2716 XXIX,
778 2635 889 2698 XXX
928 2641 958 2699 ct
994 2634 1160 2698 XXXIX
1198 2639 1368 2717 quomodo

169 2745 365 2843 usgghffigffgrgld
377 2741 511 2820 Moyses
526 2742 681 2803 indueret
696 2740 816 2804 Aaron
823 2739 981 2821 fratrem
990 2759 1105 2816 suurn,
1117 2742 1235 2821 primo
1249 2742 1369 2806 tunica

205 2853 323 2948 riiflu.
378 2846 516 2914 bissina,
549 2863 612 2925 qne
638 2858 739 2926 grece
765 2845 908 2927 poderis
940 2846 976 2907 id
1008 2850 1055 2907 est
1081 2847 1208 2908 talaris
1229 2847 1368 2922 dicitnr,

377 2968 440 3030 qne
463 2968 485 3011 a
509 2949 592 3011 colla
615 2950 791 3028 usquead
812 2950 901 3012 talos
923 2949 1124 3026 extenditur,
1145 2967 1208 3030 qne
1228 2951 1264 3012 in
1280 2969 1368 3016 novo

377 3055 573 3116 sacerdocio
611 3071 677 3116 non
705 3054 817 3116 solum
845 3055 886 3116 de
914 3054 1000 3117 bisso
1031 3055 1092 3116 sed
1118 3056 1160 3118 de
1185 3056 1256 3117 lino
1283 3075 1366 3119 con·
1380 3058 1411 3107 25

378 3159 517 3237 unitur,-
544 3158 621 3238 ipsa
649 3162 763 3219 antem
792 3158 992 3237 modificata
1019 3159 1185 3222 membris
1210 3163 1370 3241 corporis

379 3266 409 3324 et
431 3266 551 3341 aptatu
574 3261 677 3323 nichil
698 3263 915 3342 superfluum
938 3266 998 3325 ant
1019 3263 1220 3326 dissolutum
1244 3265 1280 3327 in
1297 3266 1369 3330 vita

378 3365 566 3428 sacerdotis
588 3366 705 3428 debere
727 3384 798 3428 csse
820 3367 972 3429 ostendit.
997 3364 1070 3430 Sed
1089 3365 1126 3429 in
1145 3386 1241 3431 novo
1260 3375 1370 3432 testa-

380 3476 500 3531 mento
537 3469 677 3531 laxatur
713 3477 800 3551 post
828 3469 1051 3532 dotacionem
1090 3471 1253 3549 ecclesie,
1288 3493 1369 3536 cum

379 3573 487 3634 multa
510 3572 718 3654 temporalia
740 3581 862 3654 preter
889 3573 1089 3637 necessaria
1111 3574 1230 3639 officio
1254 3596 1368 3638 sacer·
1382 3580 1415 3630 30

381 3675 475 3738 dotis
513 3675 581 3737 sibi
606 3673 610 3760 Ι
636 3685 861 3740 monstruoso
900 3677 1093 3742 adiaceant.
1138 3679 1211 3742 Hec
1250 3686 1369 3744 antem
1400 3685 1463 3733 230·

380 3782 479 3843 vestis
501 3781 540 3843 ob
563 3799 659 3861 spent
686 3782 848 3843 candoris
874 3800 996 3844 nornen
1020 3781 1104 3845 Albe
1124 3785 1278 3859 sortitur,
1305 3804 1370 3864 quc

379 3885 494 3966 signat
514 3885 733 3966 spiritualem
757 3886 973 3949 mundiciam
997 3888 1249 3964 ministrorum,
1272 3889 1370 3953 iuxta

433 4102 454 4148 8.
471 4103 545 4147 Codd.
561 4104 584 4147 in
600 4115 687 4158 mara:
707 4103 843 4149 Vestimenta
862 4107 1005 4163 episcopalia
1020 4109 1106 4162 (solum
1121 4109 1161 4163 B:)
1179 4115 1276 4164 possunt
1290 4112 1370 4157 latra-

381 4173 436 4217 duci
445 4175 485 4229 pie
499 4178 521 4217 et
536 4174 654 4231 religiose.
713 4187 746 4230 19,
762 4188 799 4221 ao.
815 4177 904 4221 codd:
912 4178 1044 4234 fratribus.

437 4298 472 4350 15.
494 4300 572 4365 Ilugo
592 4300 630 4350 De
649 4301 763 4351 Sacram.
784 4301 853 4367 Opp.
874 4305 923 4365 (ed.
944 4304 1014 4370 Mog.
1039 4303 1114 4370 1617)
1134 4306 1173 4368 Ill,
1192 4321 1252 4373 449.
