3008 5026
198 385 321 473 canu]
494 406 540 456 ou
559 404 771 456 POTESTATE
791 406 889 456 enee.

198 561 444 645 philosophari
475 581 579 645 quam
612 560 723 642 ditari,
754 564 821 625 sed
848 582 951 646 quam
975 565 1106 627 bonum
1131 574 1187 628 est

198 665 442 750 philosophari
474 674 544 730 tam
576 668 709 729 bonum
741 675 797 729 est
833 686 948 730 amare
972 667 1185 749 sapienciam

108 772 170 824 ¹8¹¹
198 770 422 841 incarnatam,
442 769 551 856 igitur
565 769 690 834 melius
707 779 762 834 est
772 768 777 855 l
787 769 901 853 ipsam
917 770 1066 857 diligere
1082 792 1186 855 quarn

199 873 312 938 ditari.
350 872 425 939 Sed
457 875 502 937 de
533 883 664 957 quanto
697 874 906 938 christianus
930 875 1045 958 diligit
1067 877 1184 959 legem

174 984 343 1041 5suorum
366 977 591 1041 consiliorum
615 979 798 1061 sequendo
820 977 937 1062 ipsum
959 978 995 1042 in
1017 979 1186 1061 moribus,

198 1084 243 1146 de
266 1093 366 1146 tanto
383 1081 497 1166 diligit
511 1083 638 1166 ipsum,
661 1081 770 1167 igitur
784 1085 852 1148 hoc
869 1093 925 1147 est
940 1084 1065 1148 melius
1081 1106 1184 1168 quam

198 1186 312 1269 ditari,
328 1207 407 1250 curn
417 1196 489 1250 stat
503 1187 677 1251 hominem
690 1207 771 1251 esse
787 1196 937 1270 peccato
953 1187 1184 1253 miserrimum

198 1312 276 1354 cum
308 1291 567 1374 quantumlibet
605 1291 726 1355 mundi
756 1293 876 1356 multis
909 1291 1055 1356 diviciis.
1094 1292 1183 1357 Ideo
1220 1324 1367 1376 mene„

198 1397 250 1474 (ut
273 1414 361 1478 sepe
385 1393 471 1478 dixi)
499 1407 694 1479 paupertas
723 1396 930 1481 evangelica
957 1417 1027 1462 non
1055 1397 1181 1461 statio
1214 1379 1384 1473 ''ffiJnffssss'

157 1523 187 1555 ιο
197 1519 269 1562 non
291 1500 424 1563 habere
447 1501 668 1583 temporalia,
697 1501 763 1565 sed
785 1500 821 1563 in
844 1501 1026 1564 moderate
1050 1502 1182 1565 habere
1202 1482 1386 1586 ἶέαῗῗζζῗυῗῗῃ

197 1603 315 1687 quoad
347 1604 490 1666 modum
520 1605 676 1668 habendi
710 1614 747 1668 et
774 1604 1033 1669 multitudinem
1071 1606 1182 1669 habiti
1206 1587 1382 1685 „fficffiffi

196 1716 346 1790 propter
363 1727 516 1772 amorem
533 1708 672 1791 Christi,
696 1708 727 1772 si
749 1709 846 1792 quod
862 1717 1181 1792 quantumcumque
1244 1692 1266 1736 ¹⁸
1280 1693 1342 1739 '¹⁸¹⁶‘

196 1810 403 1894 temporalia
434 1811 588 1875 iuverint
620 1813 664 1875 ad
696 1812 895 1876 faciendum
920 1831 1012 1894 opus
1035 1812 1181 1876 viatoris

196 1914 313 1995 officii,
336 1923 470 1978 tantum
494 1916 635 1999 precise
651 1918 752 1980 Deus
767 1918 846 1979 vult
861 1925 900 1979 ut
914 1917 1054 1982 habeat
1075 1916 1181 1980 Unde

157 2026 273 2083 15cum
305 2018 341 2082 in
374 2028 467 2083 statu
489 2019 699 2084 innocencie
722 2030 760 2085 et
782 2029 878 2084 statu
902 2019 1016 2102 patrie
1040 2020 1182 2084 deficiet

196 2124 274 2188 talis
298 2122 459 2204 civilitas,
483 2123 625 2188 videtur
657 2126 754 2208 quod
777 2125 855 2207 ipsa
878 2124 971 2206 sapit
996 2124 1179 2207 imperfec-

196 2228 333 2291 cionem
367 2238 403 2291 et
426 2237 483 2291 est
514 2228 631 2292 officio
657 2229 742 2292 cleri
764 2228 960 2302 dissonum;
992 2248 1059 2291 nec
1088 2229 1179 2292 enim

195 2342 250 2395 est
272 2331 510 2396 necessarium
534 2333 578 2395 ad
600 2332 879 2397 humiliacionem
908 2352 974 2395 nec
1002 2331 1179 2415 evangeli·

194 2437 372 2499 sacionem
394 2455 461 2499 nec
484 2436 584 2500 aliam
602 2438 857 2501 sacerdotalem
874 2437 1179 2515 ministracionem,

155 2542 259 2604 20sed
291 2541 335 2603 ad
372 2539 446 2603 vite
489 2540 786 2605 ministracionem
834 2542 879 2604 ad
921 2562 1023 2624 quam
1066 2561 1179 2624 pauca

195 2666 241 2707 ex
279 2643 517 2727 promissione
554 2645 624 2708 Dei
669 2644 858 2708 sufficiunt.
904 2645 991 2708 Ideo
1035 2645 1178 2728 sapiens

193 2749 366 2812 Proverb.
405 2748 531 2820 XXX,
571 2753 589 2811 8
631 2749 724 2831 petit
760 2769 780 2811 a
817 2749 987 2814 Domino:
1024 2750 1180 2815 Divitias

192 2858 221 2918 et
260 2854 514 2918 mendicitatem
553 2871 595 2917 nc
628 2853 765 2918 dederis
800 2855 914 2935 michi,
948 2855 1010 2918 sed
1044 2859 1178 2918 tantum

193 2959 295 3021 victui
318 2977 392 3021 meo
410 2958 515 3040 prete
537 2959 741 3023 neccssaria.
774 2957 1048 3022 Consideremus
1071 2959 1179 3042 igitur

152 3061 419 3144 25equalitatem
450 3061 599 3133 iusticie,
633 3062 663 3125 si
700 3061 830 3144 aliquid
861 3064 1031 3126 habemus
1056 3072 1178 3145 preter
1197 3078 1381 3141 uoronrwou

191 3165 428 3229 necessarium
457 3167 502 3228 ad
540 3175 700 3228 nostrum
739 3165 904 3250 officium,
959 3176 995 3230 et
1032 3166 1177 3231 indubie
1201 3141 1376 3246 iie'iniifiriii

191 3270 387 3333 senciemus
425 3271 524 3352 quod
560 3268 747 3352 superfluit
787 3270 892 3334 nobis
929 3272 1178 3354 quodcumque
1222 3238 1353 3281 common.

192 3373 294 3437 civile
350 3373 550 3454 dominium,
605 3392 683 3436 cum
734 3375 834 3437 multi
885 3374 1005 3437 clerici
1054 3374 1177 3439 vivunt

191 3477 379 3560 operosius
412 3477 488 3540 sine
520 3477 593 3555 tali3
627 3497 735 3559 quare
767 3478 876 3561 igitur
907 3498 979 3542 non
1016 3499 1083 3542 nos
1116 3480 1176 3561 qui

150 3590 181 3640 30
190 3585 361 3646 debemus
385 3580 476 3644 scire
499 3582 594 3665 quod
616 3581 686 3644 Dei
707 3582 800 3645 filius
828 3583 995 3646 naturalis
1018 3583 1175 3647 venitin

190 3687 355 3754 mundum
379 3688 426 3749 ob
442 3706 596 3749 amorem
612 3695 770 3749 nostrum
785 3686 822 3749 in
838 3687 1010 3751 artissima
1025 3708 1174 3770 pauper·

190 3799 272 3867 tate,
296 3799 333 3852 et
355 3791 423 3853 hoc
447 3790 491 3852 ad
515 3791 786 3872 exemplandum
803 3791 907 3853 nobis
925 3791 969 3853 de
986 3800 1084 3854 sorte
1101 3812 1174 3861 sua,

190 3903 228 3956 ut
251 3897 298 3957 ob
322 3893 398 3957 eius
422 3914 576 3957 amorem
601 3914 641 3958 ac
665 3905 824 3958 nostrum
851 3895 1058 3959 immensum
1083 3916 1173 3959 com-

189 3998 330 4062 modum
363 4018 615 4061 conversemur
648 3998 884 4062 conformiter.
919 3999 997 4062 Nec
1029 4000 1173 4063 dubium

107 4108 162 4160 182⁵
187 4103 271 4186 quin
303 4102 354 4166 sic
386 4102 677 4184 multiplicaretur
714 4105 830 4166 clerus
862 4112 902 4166 ut
933 4105 1039 4186 olym,
1065 4104 1069 4188 l
1095 4124 1173 4167 cum

238 4361 261 4401 4.
277 4344 343 4391 cour
360 4359 365 4392 z
381 4345 465 4390 ditare.
520 4344 542 4391 8.
558 4344 575 4389 Β
589 4345 613 4392 in
626 4357 711 4402 mam:
727 4345 857 4404 Paupertas
871 4347 1008 4406 evangelica
1021 4347 1045 4392 tn
1060 4357 1106 4404 quo
1119 4353 1171 4394 stat.
