3008 5026
202 2229 253 2273 The
268 2229 342 2277 Mitte.

713 392 884 442 IOHANNIS
903 391 1042 442 WI'CLIF
1241 377 1328 456 [CAP.
1342 390 1381 434 XI.

387 551 561 613 hirrrrerali
593 551 628 613 in
662 551 812 630 signum,
850 551 940 628 qood
970 551 1105 613 lechitus
1131 555 1161 613 et
1183 569 1291 631 opero
1315 552 1382 613 sihi

387 656 527 717 debeant
559 656 723 733 coherere,
755 656 804 718 sic
835 656 924 734 quod
955 657 1061 716 totum
1085 672 1210 734 corpus
1232 674 1380 737 operum

387 780 411 822 o
441 761 585 822 caritate
611 761 761 840 pectoris
786 760 994 841 procederet.
1029 755 1108 838 Que
1141 757 1265 822 caritas
1293 759 1382 822 licet

388 863 434 927 sit
455 861 594 927 modica
616 863 652 925 in
675 883 738 926 sua
762 862 932 942 essencia,
965 871 1082 925 tamen
1111 861 1320 925 extenditur
1344 863 1379 926 ln

388 968 604 1051 quadratum,
637 967 719 1050 quia
750 968 944 1030 secundum
977 966 1103 1029 lineam
1127 976 1334 1049 protensam
1359 978 1405 1031 as

388 1091 524 1134 summo
555 1069 592 1132 in
623 1070 779 1133 infimum
811 1069 990 1133 adextris
1015 1069 1205 1133 amicorum
1230 1071 1273 1133 ad
1296 1071 1379 1134 sini·

387 1184 498 1239 strum
521 1174 749 1254 inimicorum,
782 1184 819 1238 et
846 1177 890 1237 ab
914 1174 1059 1257 antiquo
1084 1175 1131 1237 ad
1153 1184 1275 1257 patres
1297 1196 1379 1258 pre·

387 1280 515 1343 teritos
539 1279 583 1342 ad
597 1289 693 1343 retro
718 1282 836 1362 quoad
851 1279 944 1343 filios
965 1299 1205 1354 successores,
1227 1279 1379 1344 latitudo

388 1405 475 1448 vero
508 1385 543 1447 in
577 1385 746 1466 operibus
779 1386 889 1448 debet
927 1382 1159 1446 effectualiter
1191 1383 1380 1466 practisari

388 1489 714 1572 correspondenter
737 1490 781 1552 ad
803 1490 906 1552 istam
930 1487 1185 1571 quadraturam,
1209 1489 1306 1552 unde
1334 1490 1379 1552 ad
1394 1515 1424 1549 ιο

387 1594 629 1657 denotandum
651 1592 758 1656 istum
782 1592 940 1655 ordinem
957 1593 1057 1676 prius
1080 1592 1251 1656 recitatur
1266 1593 1379 1657 racio·

387 1699 465 1760 nale
480 1696 516 1760 in
531 1697 661 1760 Exodo
678 1696 849 1760 XXVIII
866 1707 948 1760 ante
972 1698 1269 1779 superhumerale,
1294 1698 1380 1779 quia

387 1811 534 1884 oportet
556 1803 759 1865 thesaurum
774 1802 915 1864 habitus
939 1802 1151 1884 procedere,
1174 1820 1252 1864 cum
1276 1821 1379 1866 nereio

386 1909 503 1970 doceat
535 1913 716 1986 antequam
752 1909 850 1970 sciat.
896 1905 970 1972 Sed
1004 1905 1040 1968 in
1074 1902 1187 1968 ordini
1224 1905 1381 1970 docendi

388 2019 533 2093 oportet
549 2031 640 2093 opus
656 2011 854 2093 precedere
870 2011 970 2074 iuxta
991 2010 1077 2073 illud
1094 2010 1175 2076 Act.
1197 2010 1323 2093 prim0,
1346 2033 1377 2074 ιε
1393 2020 1421 2069 15

390 2114 483 2198 Cepit
506 2115 624 2179 Ilresus
636 2116 760 2196 facere
782 2122 812 2178 et
834 2119 960 2180 docere.

430 2218 628 2302 Septimum
657 2230 902 2284 ornamentum
926 2228 982 2283 est
1005 2222 1121 2297 mitro,
1153 2221 1293 2301 cydaris
1324 2224 1378 2284 vet

385 2327 516 2406 ttryora,
542 2344 611 2406 que
634 2323 804 2406 imposita
826 2324 942 2405 capiti,
965 2323 1001 2387 in
1025 2345 1096 2406 quo
1111 2323 1213 2406 viget
1236 2342 1376 2404 sensus,

386 2430 504 2510 sIgnat
536 2430 634 2511 quod
665 2428 732 2490 illis
765 2428 875 2491 debet
907 2427 1077 2491 committi
1110 2447 1193 2490 cura
1222 2429 1377 2512 regendi

386 2534 482 2614 alios
513 2535 571 2614 qni
593 2533 638 2595 ad
662 2552 804 2595 sensum
826 2530 830 2616 Ι
849 2532 1123 2614 preexpositum
1154 2533 1266 2594 scirent
1292 2552 1375 2614 pre·
1407 2543 1468 2593 232·

385 2641 570 2701 eminenter
590 2656 626 2700 se
641 2638 734 2719 ipsos
757 2649 881 2718 regere.
906 2635 966 2700 Sic
994 2635 1085 2698 enim
1107 2635 1374 2719 loquiturApo·

387 2744 498 2805 stolus
521 2740 634 2824 prima
657 2740 736 2804 Cor.
760 2740 817 2803 XI
840 2762 858 2821 3
893 2742 938 2803 de
963 2740 1080 2822 capite
1108 2760 1247 2822 ponens
1270 2747 1377 2823 caput

385 2848 506 2911 erroris
527 2847 654 2927 virum,
683 2851 785 2927 caput
800 2851 914 2909 certem
938 2847 1007 2908 viri
1025 2843 1196 2909 Christum
1220 2850 1249 2908 et
1271 2853 1377 2927 coput

388 2950 515 3016 Christi
541 2951 670 3027 Decem
704 2971 750 3013 ex
783 2971 855 3032 quo
888 2950 1057 3032 sequitur,
1090 2949 1188 3032 quod
1212 2949 1376 3015 Christus

387 3067 442 3119 est
458 3064 627 3136 creatura,
656 3076 734 3118 cum
758 3056 954 3118 secundum
969 3054 1219 3118 humanitatem
1235 3054 1377 3136 regitur
1388 3063 1421 3113 25

387 3180 467 3223 ase
491 3161 582 3226 Deo,
610 3160 748 3223 Dicitur
781 3170 894 3221 autern
928 3158 1028 3221 mitra
1050 3158 1161 3221 fuisse
1186 3157 1376 3240 duplicata,

387 3265 485 3328 cuius
509 3285 592 3347 pars
609 3264 755 3327 interior
772 3274 827 3326 est
842 3263 986 3337 bissina,
1010 3283 1093 3345 pars
1110 3282 1197 3325 vero
1215 3263 1376 3326 exterior

385 3369 570 3432 iacinctiva
596 3370 731 3431 habens
760 3369 795 3431 in
818 3376 920 3450 parte
935 3366 1093 3430 inferiori
1116 3365 1376 3430 semicirculum

386 3493 529 3536 aureum
563 3476 606 3535 ab
632 3473 774 3535 auribus
808 3481 960 3554 occupat
984 3473 1273 3553 amplectentem
1308 3493 1377 3554 per

384 3580 474 3640 hanc
506 3577 615 3661 igitur
648 3577 808 3660 signatur
839 3577 911 3640 vite
935 3576 1118 3648 mundicia,
1152 3597 1230 3639 cum
1252 3576 1376 3642 bissus
1388 3585 1422 3636 30

385 3683 609 3765 supponitur,
634 3683 777 3746 celestis
795 3681 1037 3758 conversacio,
1063 3702 1140 3743 cum
1163 3680 1376 3746 iacinctivus

386 3789 485 3851 color
510 3787 650 3868 eminet,
677 3788 806 3850 donum
831 3794 946 3849 autem
967 3785 1119 3848 caritatis
1141 3794 1177 3849 et
1193 3784 1375 3867 sapiencie

387 3901 602 3955 connectens
624 3893 692 3954 hec
719 3892 755 3954 in
779 3890 966 3973 capitaneo
999 3888 1160 3973 signatur
1181 3909 1247 3972 per
1271 3890 1376 3953 semi·

438 4131 460 4176 3.
475 4131 504 4174 B:
520 4143 534 4172 α
549 4131 620 4174 deest.
676 4142 710 4185 17.
725 4132 747 4174 Α
765 4130 788 4174 tn
805 4142 891 4185 marg.:
910 4130 1037 4185 Septimum
1056 4133 1218 4174 ornamentum
1236 4133 1272 4173 eet
1288 4131 1378 4183 mitra,-

386 4200 402 4243 Β
418 4202 440 4245 ἰη
456 4213 542 4255 marg:
557 4201 684 4255 septimum.

442 4342 479 4380 ια.
499 4326 582 4378 Exod.
600 4325 680 4390 XXV,
700 4324 744 4389 283
763 4324 854 4390 XXIX,
875 4327 897 4378 5.
