3008 5026
119 396 187 440 eno.
201 383 254 464 n}
419 402 464 450 ne
483 400 695 452 roresrnre
714 401 813 451 rnre.

119 557 340 619 ecclesiarum
372 561 520 619 irrotrem
553 575 624 620 esse
655 575 723 620 nou
750 558 946 621 dominam:
976 563 1007 620 te
1029 575 1108 620 oero

118 679 185 723 uon
201 660 380 723 dominum
397 679 468 724 csse
484 662 720 741 cpiscoporum
736 662 797 724 sed
815 679 924 724 unum
947 680 990 724 ex
1011 663 1108 742 ipsis,

117 765 254 845 qualem
270 763 312 825 de
326 768 433 826 cetero
449 769 579 844 oportet
594 770 624 826 te
640 783 717 827 esse.
744 762 934 830 Considera
944 764 1108 844 formam

118 868 259 942 iusticie,
291 868 516 930 sanctimonie
538 869 725 947 speculum,
752 869 896 950 pietatis
926 869 1108 948 exemplar,

92 975 324 1034 §assertorem
357 973 523 1048 ueritatis,
550 971 641 1050 fidei
676 971 900 1050 defensorem,
938 972 1108 1034 doctorem

21 1069 89 1136 2²7⁶
113 1076 285 1155 gencium,
316 1075 585 1138 christianornm
616 1076 748 1151 ducem,
768 1077 774 1155 Ι
794 1076 949 1138 amicum
980 1076 1107 1156 sponsi,

116 1196 238 1258 sponse
264 1178 526 1260 parauimsnm,
553 1181 637 1241 cleri
658 1179 904 1253 ordinatorem,
931 1184 1107 1260 pastorem

112 1284 276 1362 plebium,
308 1284 518 1365 magistrum
552 1285 803 1365 iusipiencium,
835 1282 1014 1364 refugium
1044 1302 1107 1364 op-

112 1405 327 1468 pressorum,
338 1406 537 1470 pauperum
548 1389 764 1467 advocatum,
775 1389 985 1451 miserorum
1000 1406 1109 1468 spem,

76 1495 262 1554 rotntorcm
297 1492 523 1571 pupillorum,
555 1492 703 1555 iudicem
736 1492 934 1565 uiduarum,
972 1492 1107 1554 oculum

117 1611 284 1675 cecorum,
312 1597 472 1675 lingnam
495 1599 682 1673 mutorum,
710 1596 870 1658 baculam
892 1613 1025 1672 senrrm,
1052 1596 1107 1657 nl·

116 1702 224 1760 torem
235 1700 412 1777 scelerum,
429 1700 606 1761 malorum
617 1704 756 1770 metum,
768 1700 936 1762 bonorum
943 1699 1108 1779 gloriam,

114 1802 253 1882 virgam
272 1807 460 1883 potentum,
492 1803 657 1865 malleum
688 1803 963 1880 criminosorum,
986 1814 1109 1883 regum

111 1911 261 1986 patrem,
292 1908 407 1985 legum
430 1907 697 1982 moderatorem,
727 1923 899 1969 canonum
927 1907 1108 1985 dispensa-

75 2014 184 2071 15torc
192 2027 236 2078 m,
257 2010 313 2072 sal
329 2014 430 2088 terre,
441 2009 534 2072 orbis
549 2009 676 2078 lumen,
698 2010 911 2072 sacerdotem
935 2008 1109 2089 altissimi,

117 2113 287 2175 vicarium
306 2110 444 2192 Christi,
461 2113 625 2175 christum
641 2111 795 2188 Domini,
808 2117 980 2193 postremo
995 2111 1106 2175 Deum

116 2214 324 2278 Pharaonis.
347 2214 443 2279 Talis
460 2215 571 2277 debet
588 2234 668 2279 esse
684 2235 792 2297 papa3
816 2215 913 2297 quod
930 2215 960 2279 si
978 2214 1015 2278 in
1031 2213 1108 2277 istis
1133 2211 1307 2308 “iiiuinpiii‘

117 2317 263 2400 triginta
301 2327 453 2400 quatuor
491 2317 633 2380 deficiat
669 2317 821 2381 induens
856 2326 996 2381 vestem
1032 2315 1108 2398 lupi

118 2420 334 2503 oppositam,
379 2422 510 2483 nullum
551 2430 607 2484 est
644 2420 679 2483 in
718 2419 871 2484 ecclesia
906 2419 1109 2483 horribilius

74 2556 107 2590 πο
117 2534 324 2602 monstrum,
353 2534 392 2588 ut
416 2526 523 2587 docet
546 2525 581 2587 in
603 2524 675 2587 fine
698 2524 753 2587 III
775 2523 856 2587 libri
884 2532 922 2587 et
942 2524 1035 2587 libro
1059 2523 1108 2586 II:

117 2629 217 2692 Nnuc
244 2629 327 2691 andi
353 2630 525 2692 canticum
552 2647 669 2690 meum
697 2629 816 2691 minus
837 2646 943 2691 suave
965 2629 1025 2690 scd
1046 2645 1106 2690 sa-

117 2735 238 2796 lutare.
261 2733 482 2796 Monstruosa
506 2751 563 2796 res
581 2734 720 2814 gradus
741 2750 903 2795 summus
924 2737 954 2795 et
969 2733 1110 2794 animus

117 2839 269 2918 iufimns,
292 2839 387 2901 sedes
411 2839 534 2918 prima
558 2842 588 2901 et
608 2839 678 2900 vita
691 2855 792 2917 yruo,
823 2836 946 2917 lingua
967 2836 1108 2916 mogui-

116 2944 219 3023 loqna
249 2948 278 3005 et
311 2960 439 3005 manus
470 2943 595 3022 ociosa,
628 2960 741 3005 sermo
773 2942 903 3002 mirltus
925 2945 955 3003 et
968 2940 1110 3019 fruetus

74 3058 105 3109 25
118 3047 242 3126 nullus,
270 3046 382 3108 vreltns
400 3047 525 3126 gravis
547 3051 577 3109 ct
599 3050 697 3108 aetus
723 3046 815 3121 levis,
842 3045 964 3125 iugens
990 3049 1105 3106 ancto-

117 3152 205 3214 ritas
236 3155 266 3212 et
298 3156 425 3214 metans
455 3151 633 3214 subtilitas.
671 3149 777 3212 Unde
805 3147 841 3210 11
867 3147 905 3210 in
932 3147 1109 3230 principio

117 3253 197 3316 libri
221 3253 274 3316 III
298 3254 455 3317 declarat
483 3262 519 3317 et
541 3253 722 3316 modificat
748 3261 976 3336 potestatem,
1004 3272 1109 3333 quam

118 3376 211 3440 papa
236 3357 347 3420 debet
366 3359 499 3419 habere
523 3357 553 3419 si
569 3357 678 3419 vitam
699 3375 828 3419 novam
848 3354 1110 3437 inculpabiliter

117 3469 368 3543 recompensat
392 3469 429 3522 et
451 3459 627 3542 incipiens
650 3463 696 3526 ab
718 3459 905 3542 apostolis,
934 3479 954 3521 a
980 3458 1110 3541 quibus

75 3579 108 3629 30
119 3574 265 3649 oportet
293 3564 489 3647 exemplari
517 3566 681 3647 papalem
715 3562 926 3646 potenciam.
963 3561 1108 3628 Occmu·

118 3671 245 3740 bebant,
268 3669 394 3751 inquit,
409 3669 603 3750 fortissimi
625 3670 803 3732 bellatores
822 3674 852 3731 et
867 3687 933 3731 uon
949 3685 1108 3732 succum·

118 3776 245 3853 bebout,
278 3774 537 3855 triumphabant
566 3774 675 3836 eciam
707 3774 855 3847 mortui·
890 3773 997 3835 nimis
1026 3789 1108 3834 cou-

118 3880 276 3961 sortalns
309 3884 357 3941 est
393 3878 613 3960 principatus
649 3895 787 3951 eorum‚·
824 3877 995 3939 constituti
1031 3881 1109 3938 sunt

172 4131 193 4163 2.
212 4130 282 4161 unum
300 4128 330 4160 ex
348 4117 418 4171 ipsiu
435 4116 519 4159 cedda
539 4116 676 4158 ministrum.
741 4125 777 4158 22.
795 4112 870 4157 codd.
890 4114 914 4157 in
934 4124 1021 4169 merga
1041 4111 1109 4157 Mon-

117 4194 210 4232 struosa
226 4199 264 4230 res
276 4187 388 4241 prelatus.

172 4313 212 4364 30.
231 4327 290 4378 pag.
310 4309 369 4374 758.
