3008 5026
672 401 841 452 romulus
861 399 1000 452 wreus
1178 385 1260 466 [cre.
1274 397 1337 441 vm.

350 557 491 623 Christo
508 557 641 621 faciunt
661 559 720 621 vel
741 578 812 620 non
832 558 965 621 faciunt
985 558 1148 622 homines
1171 557 1340 642 quicquid

347 664 498 727 fecerint
530 665 587 725 vel
619 683 690 727 non
723 663 877 727 fecerint
907 663 1076 727 membris
1107 663 1191 742 suis,
1224 673 1261 727 et
1287 664 1340 729 sic

347 770 476 832 nedum
507 768 574 832 fuit
606 789 653 831 ex
681 768 800 832 divina
823 769 1057 850 ordinacione,
1090 771 1186 853 quod
1209 769 1340 835 Petrus

349 884 384 938 et
406 874 538 937 Paulus
570 873 655 938 inibi
686 881 916 950 morerentur,
949 876 1011 937 sed
1046 893 1150 937 omne
1178 876 1275 958 quod
1298 876 1341 940 fit

346 980 383 1043 in
411 980 544 1043 mundo
576 979 617 1042 fit
644 998 691 1041 ex
725 978 952 1042 ordinacione
989 977 1108 1042 divina
1139 979 1366 1043 accessoria5

348 1087 406 1149 vel
429 1086 571 1151 directa
609 1083 824 1148 Accessoria
849 1083 885 1146 in
914 1082 1057 1148 viciosis
1081 1083 1261 1166 operibus.
1294 1084 1340 1148 de

348 1189 477 1272 quibus
507 1191 640 1252 bonum
673 1188 821 1268 ordinat,
861 1196 898 1250 et
935 1186 1070 1251 directa
1103 1187 1138 1250 in
1170 1187 1341 1253 virtuosis

349 1292 520 1376 operibus
537 1294 594 1356 vel
611 1292 782 1374 operibus
806 1290 1030 1356 naturalibus.
1056 1290 1204 1355 Causam
1224 1301 1341 1357 autem

349 1418 457 1482 quare
481 1397 643 1462 Christus
671 1396 849 1460 ordinavit
877 1395 1053 1478 gloriosos
1083 1398 1266 1480 apostolos
1289 1396 1342 1461 ibi

348 1503 423 1586 pati
438 1503 642 1586 martyrium
654 1511 710 1566 est
725 1503 908 1584 exemplar
923 1509 960 1565 et
968 1503 1151 1585 speculum
1168 1502 1244 1566 aliis
1255 1522 1340 1566 mar·
1355 1517 1386 1552 ¹⁰

348 1607 497 1690 tyribus,
522 1607 619 1689 quod
636 1605 811 1669 ordinavit
830 1605 1057 1687 postmodum
1079 1604 1129 1669 ibi
1152 1607 1236 1688 pati,
1261 1626 1341 1670 curn

350 1710 427 1773 aliis
458 1710 564 1773 bonis
598 1710 801 1794 exemplum
834 1709 1078 1791 sequentibus.
1124 1709 1199 1774 Sed
1232 1710 1341 1774 credo

350 1815 446 1897 quod
475 1814 591 1877 nullus
619 1813 735 1877 fidelis
763 1820 898 1877 tantum
921 1812 1082 1889 insaniet,
1111 1815 1207 1897 quod
1230 1814 1342 1898 fingat

350 1919 528 1983 dominum
568 1918 752 1982 ordinasse
789 1916 839 1981 ibi
876 1917 1014 1981 illorum
1054 1919 1269 2002 martyrium,
1302 1928 1342 1984 ut

350 2025 478 2086 doceat
499 2023 578 2085 fore
602 2043 730 2106 papam
755 2042 1014 2105 quemcumque
1037 2023 1239 2086 Romanum
1267 2023 1341 2107 epi·
1356 2025 1385 2077 ι5

350 2147 498 2210 scopum
521 2145 778 2208 successurum,
803 2125 884 2208 quia
907 2123 960 2210 (ut
976 2125 1108 2189 dictum
1125 2126 1194 2210 est)
1210 2147 1341 2190 nomen

350 2233 420 2295 tale
457 2229 606 2293 inolevit
643 2250 690 2292 ex
727 2229 955 2293 institucione
993 2231 1143 2294 humana
1180 2240 1218 2294 et
1251 2252 1342 2314 sepe

351 2335 511 2420 opinioni
537 2334 716 2398 hominum
740 2334 775 2397 in
803 2333 881 2398 istis
905 2334 1039 2397 falsitas
1067 2343 1124 2398 est
1146 2338 1342 2414 substrata3

349 2442 450 2504 locus
476 2439 566 2503 enirn
583 2439 641 2502 ille
659 2448 714 2502 est
729 2438 970 2522 impertinens,
995 2447 1034 2502 ut
1054 2439 1130 2503 eius
1147 2440 1342 2525 episcopus

351 2545 398 2607 sit
420 2543 614 2626 precipuus
638 2561 774 2626 sequax
798 2542 937 2606 Christi.
1355 2559 1389 2594 20

167 2638 332 2734 ¹¹¹⁸¹¹⁰¹⁸h
394 2649 499 2712 Unde
531 2647 673 2711 videtur
711 2667 781 2709 non
814 2667 895 2710 esse
934 2648 980 2710 de
1013 2648 1217 2713 substancia
1250 2648 1343 2728 fidei,

141 2699 224 2735 matter
237 2692 263 2734 ol
275 2691 315 2734 l'rit

151 2742 322 2839 “3¹2⁰ng
351 2753 447 2836 quod
458 2751 632 2833 Clemens,
647 2750 765 2829 Linus,
780 2749 902 2814 Cletus
918 2751 976 2814 vel
993 2750 1080 2814 alius
1096 2761 1182 2834 post
1196 2752 1343 2816 Petrum

143 2847 331 2943 Wfffssss‘gffissnin
350 2856 535 2919 Romanus
564 2855 756 2937 episcopus
783 2853 850 2916 fuit
871 2874 976 2936 papa,
1005 2854 1238 2941 intelligendo
1259 2859 1264 2938 1
1284 2877 1345 2940 pa·
1375 2858 1442 2910 206·

214 2965 262 2994 ¹¹⁵⁰·
350 2981 442 3042 pam,
474 2969 513 3023 ut
545 2960 630 3023 dicit
661 2959 873 3041 primitatem
906 2959 1056 3023 alienum
1083 2962 1345 3026 excludentem.

351 3064 590 3146 Intelligendo
607 3072 724 3126 autem
740 3083 869 3145 papam
886 3063 1128 3144 communiter,
1145 3065 1252 3128 modo
1269 3085 1342 3148 quo
1356 3067 1389 3118 25

352 3169 571 3246 Ambrosius
599 3167 823 3250 Augustinus
848 3176 884 3231 et
908 3168 1020 3231 ceteri
1044 3169 1156 3232 sancti
1181 3168 1345 3253 episcopi

352 3283 451 3336 erant
466 3293 570 3356 pape,
589 3272 811 3335 manifestum
833 3281 890 3335 est
906 3275 1002 3355 quod
1018 3272 1161 3356 Paulus,
1179 3274 1345 3338 Clemens

352 3386 388 3441 et
411 3377 522 3440 ceteri
546 3376 657 3440 sancti
681 3386 855 3459 martyres
880 3386 915 3439 et
940 3376 1168 3441 confessores
1191 3379 1345 3442 Romani

352 3481 514 3564 episcopi
531 3490 631 3544 erant
646 3500 737 3563 pape
747 3481 848 3543 simul
866 3501 943 3544 curn
960 3482 1046 3560 aliis,
1064 3483 1160 3565 quod
1171 3483 1201 3546 si
1217 3482 1346 3567 aliquis

352 3606 473 3649 eorum
496 3585 533 3648 in
555 3584 726 3670 regimine
750 3584 867 3647 ovium
892 3583 1022 3650 Christi
1049 3605 1172 3650 omnes
1197 3607 1345 3650 conver·
1359 3592 1392 3642 30

352 3700 471 3753 santes
495 3709 615 3752 secum
639 3697 856 3769 excesserat,
883 3696 968 3752 tunc
997 3689 1064 3753 fuit
1086 3690 1155 3754 iste
1183 3712 1277 3775 papa
1301 3693 1345 3755 ad

352 3815 493 3858 sensum
518 3791 681 3874 superius
704 3792 896 3856 limitatum.

397 3897 535 3960 Abusio
553 3906 671 3958 autern
688 3896 827 3959 termini
842 3897 1073 3963 insundabilis
1084 3898 1224 3963 videtur
1240 3899 1346 3964 michi

352 4022 483 4066 vocare
508 4021 766 4084 quemcumque
789 4003 1061 4086 pseudopapam
1085 4005 1179 4067 nudo
1202 4003 1346 4068 nomine

404 4207 426 4252 6.
441 4207 482 4248 ΑΒ
501 4206 524 4248 in
544 4218 630 4260 msrg.:
651 4204 782 4249 Ordr'narr‘o
802 4206 881 4248 divina
900 4212 935 4249 ert
951 4206 1044 4261 duplex.
1102 4220 1134 4252 12.
1154 4210 1194 4253 ΑΒ
1213 4208 1236 4253 iu
1252 4219 1346 4264 marga

353 4277 423 4319 Roma
443 4280 478 4319 ert
500 4274 650 4329 impertitum
672 4280 697 4317 ut
720 4276 769 4318 eius
792 4277 913 4332 episcopus
936 4277 967 4318 rr't
989 4277 1113 4331 precipuus
1136 4289 1226 4333 sequax
1249 4276 1343 4322 ctntrr.

355 4347 387 4390 16.
404 4345 492 4388 Codd.:
508 4345 606 4388 nomine.
662 4344 699 4388 25.
715 4345 755 4387 ΑΒ
770 4346 793 4388 in
810 4357 895 4399 murga
912 4344 974 4400 Papa
989 4345 1076 4390 dicitur
1090 4347 1223 4402 dupliciter.
