3008 5026
104 2399 176 2458 Some
189 2410 246 2458 eren

108 2462 149 2505 say
164 2458 181 2493 it
197 2462 216 2492 rs
232 2462 244 2491 a

609 373 778 424 IOHANNIS
797 373 937 423 wtcttt
1149 357 1232 436 [CAP.
1248 367 1276 413 X.

286 538 482 594 assumeret
508 528 594 592 illud
617 530 745 613 papale
769 529 936 606 officium,
964 529 1045 612 quia
1072 530 1209 611 obligat
1237 549 1277 592 se

286 642 326 696 ut
348 634 398 697 sic
423 635 519 716 quod
543 634 589 697 sit
610 636 646 697 in
662 634 767 697 terris
782 635 969 717 proximus
985 654 1122 717 sequax
1135 633 1278 709 Christi,

287 738 384 820 quod
406 737 502 801 forte
531 739 639 802 statui
666 759 772 821 quem
800 738 932 820 accipit
965 748 1021 802 est
1041 738 1278 821 incompossi-

286 843 367 906 bile.
412 842 500 905 Ideo
535 843 622 907 dicit
654 842 908 925 Crysostomus
941 841 1078 906 Omelia
1105 842 1278 905 XXVIII

287 944 418 1029 Operis
451 945 670 1030 Imperfecti:
708 947 927 1028 Quicumque,
965 946 1089 1029 inquit,
1127 946 1307 1011 Domin05

285 1051 474 1115 humilitati
495 1055 647 1116 studente
669 1054 834 1117 iactancie
856 1053 975 1129 studet,
998 1071 1066 1115 non
1089 1058 1137 1116 est
1159 1054 1279 1132 imago

290 1153 427 1231 curisti,
454 1159 565 1236 etqui
587 1156 737 1220 Domino
754 1162 999 1239 paupertatem
1024 1163 1163 1219 amante
1185 1157 1279 1220 dioi-

287 1261 424 1323 ciarum
456 1266 596 1323 amator
627 1266 675 1323 est
706 1262 743 1323 in
773 1261 834 1323 lroc
864 1263 985 1336 seculo,
1023 1262 1155 1342 repellit
1189 1280 1211 1322 a
1244 1279 1280 1324 se

290 1362 418 1429 Christi
438 1365 703 1428 similitudinem
726 1383 787 1428 nec
809 1370 856 1428 est
890 1383 967 1427 uere
998 1365 1188 1446 discipulus
1219 1366 1281 1444 qni

287 1487 354 1531 non
376 1470 535 1532 imitatur
550 1470 768 1550 magistrum.
794 1466 947 1531 Studeat
968 1467 1077 1550 igitur
1092 1469 1280 1532 Romanus
1295 1488 1329 1521 10

288 1569 464 1654 pontifex,
488 1573 518 1635 si
541 1572 696 1635 imitatur
719 1572 894 1636 simillime
916 1572 993 1635 vias
1017 1572 1154 1636 Christi.
1189 1571 1280 1636 Ideo

289 1675 374 1738 dicit
386 1675 546 1758 Epistola
562 1676 700 1739 XLIII:
725 1675 812 1755 Scio,
834 1677 958 1758 inquit,
982 1678 1116 1739 domini
1135 1696 1227 1759 pape
1252 1683 1282 1740 et

288 1785 402 1842 sancte
432 1782 525 1844 sedis
555 1782 643 1844 lanc
665 1799 735 1844 esse
754 1785 965 1862 potestatem,
996 1785 1033 1843 ut
1060 1782 1101 1843 de
1122 1782 1283 1844 omnibus

289 1884 458 1962 beneficiis
485 1886 719 1948 ecclesiasticis
742 1890 857 1966 posset
882 1886 986 1948 libere
1009 1886 1183 1961 ordinare,
1210 1887 1282 1948 scio

289 2007 417 2069 quoque
433 1990 521 2066 quod
540 1990 694 2069 quisquis
713 1990 866 2052 abrititur
880 1990 944 2052 liae
960 1994 1125 2070 potestate
1145 1989 1283 2068 edificat
1298 1993 1328 2042 ιδ

290 2093 338 2154 ad
355 2093 557 2173 geliennam.
580 2091 668 2155 Ideo
693 2094 745 2172 (ut
760 2091 902 2155 videtur
924 2093 1055 2165 multis)
1080 2091 1282 2174 descripcio

292 2215 393 2277 quam
419 2195 522 2277 ponit
545 2195 590 2257 de
613 2216 708 2278 papa
730 2216 802 2258 non
823 2196 993 2258 convenit
1007 2195 1192 2277 apostolis,
1215 2197 1283 2259 sed

292 2300 514 2362 solummodo
538 2319 634 2382 pape
659 2320 804 2363 summa.

333 2402 439 2465 Unde
471 2412 623 2485 propter
655 2402 736 2465 talia
758 2406 872 2465 verba
903 2402 1045 2485 quidam
1074 2404 1118 2466 ad
1145 2410 1283 2466 tantum

78 2501 267 2545 ¹¹¹³¹¹ef⁰fs³³¹¹¹
290 2505 479 2582 insaniunt,
511 2507 609 2587 quod
641 2505 763 2568 dicunt
795 2506 970 2569 neminem
1005 2526 1115 2589 posse
1153 2507 1284 2569 salvari
1296 2530 1331 2564 πο

88 2557 135 2597 tltut
151 2554 188 2596 the
203 2566 263 2608 pope

93 2608 112 2648 is
127 2605 165 2648 the
180 2617 263 2648 source

101 2660 128 2700 οῖ’
141 2658 246 2712 spiritual

140 2710 215 2764 prosit.

291 2608 358 2673 nisi
391 2612 512 2672 credat
542 2610 647 2673 istum
672 2609 856 2673 articulum
878 2610 973 2685 fidei,
1007 2612 1104 2692 quod
1133 2609 1285 2692 quilibet

292 2732 385 2795 papa
409 2713 455 2776 sit
477 2733 543 2793 per
566 2732 605 2775 se
631 2732 736 2776 causa
759 2713 871 2777 tocius
887 2713 1073 2794 profectus
1090 2713 1284 2795 spiritualis

293 2816 455 2880 ecclesie.
479 2816 585 2879 Unde
612 2815 886 2898 Lyncolniensis
910 2816 1073 2898 Epistola
1097 2816 1283 2902 XXszl

291 2919 342 2983 Ex
369 2923 525 3001 generali
556 2922 664 2983 debito
696 2922 926 3001 sutieccionis,
964 2940 1028 3001 qno
1066 2940 1133 2984 non
1170 2924 1285 2985 solnm
1320 2928 1388 2981 ωδ*

288 3026 439 3105 populus
461 3026 669 3089 christianus
690 3025 751 3088 sed
773 3031 873 3088 totum
889 3027 1083 3089 lmmannm
1099 3039 1209 3106 genus
1224 3028 1284 3089 ob·
1297 3039 1330 3087 25

292 3129 423 3208 ligatur
445 3134 475 3190 et
497 3130 571 3192 sine
593 3131 692 3192 cuins
712 3130 882 3193 solucione
897 3132 1013 3193 nullus
1032 3132 1178 3194 salutem
1200 3149 1283 3194 con·

292 3234 454 3312 sequitur,
477 3234 607 3295 debitor
628 3252 707 3297 sum
730 3234 945 3297 sanctissime
956 3236 1161 3315 paternitati
1176 3240 1285 3298 vestre

293 3338 631 3419 excellentissimeque
667 3340 898 3402 dominacioni
934 3340 1170 3421 plenitudinis,
1205 3341 1283 3403 obe-

293 3442 421 3503 diencie
443 3446 473 3503 et
495 3444 694 3517 reverencie,
716 3443 856 3505 honoris
879 3448 910 3505 et
930 3444 1077 3506 timoris.
1115 3443 1163 3505 Et
1188 3441 1284 3505 forte

295 3563 341 3607 ex
373 3543 502 3607 talibus
529 3545 650 3609 verbis
678 3546 936 3610 declamatoriis
963 3546 1030 3609 fuit
1056 3546 1126 3610 iste
1156 3547 1286 3610 doctor
1298 3559 1331 3608 30

294 3647 440 3730 punitus
464 3669 483 3712 a
505 3649 658 3713 Domino
681 3670 748 3733 per
772 3670 852 3713 eum
875 3671 980 3733 quem
1004 3651 1126 3714 verbis
1148 3649 1285 3714 floridis

347 3937 369 3974 4.
395 3921 470 3966 Codd.
486 3923 508 3965 iu
534 3935 620 3977 murga
645 3923 732 3979 Papam
759 3925 837 3967 dicunt
864 3936 915 3967 esse
942 3924 1097 3968 necessarium
1125 3925 1159 3968 ad
1179 3926 1288 3969 salntem.

296 4003 333 4045 24.
349 3991 425 4035 Codd.
440 3992 463 4034 in
479 4004 565 4046 mare:
580 3992 748 4037 lincolniensis
762 3994 792 4036 de
803 4005 868 4050 papa
883 3998 940 4037 uota
953 3997 1017 4039 tene.
1073 4005 1111 4048 27·
1127 3994 1155 4037 B:
1166 3998 1242 4038 vestre
1255 4000 1286 4038 et.

347 4135 372 4180 4.
392 4117 463 4181 Opp.
482 4127 546 4168 tom,
559 4117 601 4178 Vl,
621 4132 679 4183 pag.
694 4133 752 4182 77¹·
829 4133 866 4171 12.
885 4119 932 4168 Est
950 4119 1070 4184 Epistola
1082 4119 1163 4168 XLIX
1178 4120 1287 4170 Roberti

296 4205 462 4254 Grosseteste
481 4205 533 4253 vid.
554 4205 620 4269 Epp.
640 4220 698 4270 pag.
715 4205 772 4268 145.
846 4219 885 4266 24.
906 4206 1011 4256 Roberti
1032 4206 1203 4269 Grosseteste‚
1223 4207 1291 4271 Epi·

295 4291 387 4358 stolae,
407 4289 454 4343 No.
473 4290 577 4359 XXXV,
597 4306 655 4357 pag,
679 4292 734 4343 123.
