3008 5026
702 414 872 465 romnus
890 414 1030 465 wrcen*
1227 395 1360 484 [merx.

376 579 432 635 est
458 570 560 634 istam
588 569 859 653 perversionem
886 591 1029 634 currere
1072 591 1260 655 quousque
1292 576 1362 637 hec

376 676 447 738 duo
476 685 637 757 separata
663 675 794 738 fuerint
823 675 916 738 sicut
939 675 975 739 in
999 676 1151 739 ecclesia
1174 676 1362 760 primitiva.

172 770 351 867 qukglquon
419 780 465 843 Et
497 789 666 862 quantum
698 782 742 843 ad
772 780 989 862 implicatum
1022 782 1067 844 de
1095 781 1276 845 eleccione
1300 785 1362 845 hu-

177 881 346 982 'lfgffigqgf''
374 904 477 947 mana
499 894 600 967 patet
623 905 670 947 ex
694 904 782 967 sepe
806 884 921 961 dictis,
945 887 1042 966 quod
1066 886 1290 950 confirmatur
1314 909 1362 950 ex

373 990 456 1074 lege
472 990 617 1073 triplici3
634 989 747 1073 primo
764 990 913 1052 docetur
928 989 1093 1053 LXXIX
1114 991 1388 1055 distinccionets

375 1092 415 1157 Si
444 1096 521 1175 quis
548 1095 696 1175 pecunia
721 1094 773 1156 vet
796 1095 921 1174 gracia
952 1094 1107 1157 humana
1138 1096 1188 1158 vel
1214 1099 1364 1159 tumultu

369 1201 537 1280 populari
551 1201 624 1262 siue
639 1200 804 1261 canonica
820 1200 980 1261 eleccione
994 1199 1108 1277 suerit
1127 1201 1362 1278 intronizatus,

374 1322 442 1367 uou
475 1304 680 1385 apostolicus
716 1305 776 1365 sed
813 1304 1024 1384 apostaticus
1059 1304 1233 1368 habeatur.
1274 1303 1362 1367 Cum

374 1406 483 1489 igitur
505 1407 551 1470 sit
573 1407 682 1469 maior
704 1426 804 1469 error
817 1406 854 1469 in
872 1406 1054 1470 eleccione
1071 1408 1195 1485 activa,
1219 1411 1361 1490 quando

376 1511 552 1596 eligentes
573 1512 687 1575 coacti
704 1520 787 1575 sunt
803 1532 824 1573 a
840 1512 996 1593 dyabolo
1018 1511 1152 1593 eligere
1172 1532 1361 1594 personam
1378 1540 1406 1571 ιο

376 1636 480 1697 quam
496 1617 597 1680 Deus
613 1619 793 1698 reprobat,
818 1617 916 1697 quod
932 1619 1052 1698 patule
1069 1626 1169 1699 patet
1186 1638 1232 1679 ex
1249 1638 1361 1700 opere

376 1729 414 1783 et
446 1721 638 1784 omissione
676 1721 813 1803 papalis
852 1719 970 1798 officii,
1010 1723 1119 1784 multo
1157 1722 1269 1804 magis
1303 1725 1362 1786 vel

377 1844 397 1886 a
413 1826 489 1907 pari
505 1827 674 1908 sequitur,
692 1826 788 1908 quod
806 1827 943 1888 electus
955 1825 1036 1889 talis
1053 1846 1125 1890 non
1145 1827 1361 1909 apostolicus

376 1931 441 1992 sed
473 1931 691 2013 apostaticus
724 1938 778 1992 est
812 1930 1005 1994 habendus.
1044 1931 1124 1994 Non
1156 1931 1248 1994 enim
1277 1932 1363 1996 licet

374 2036 574 2099 humanitus
597 2038 802 2118 reprobare,
827 2045 866 2098 ut
889 2055 936 2097 ex
958 2036 1028 2098 fide
1048 2036 1271 2119 supponitur,
1295 2037 1362 2099 nisi
1378 2046 1406 2096 15

376 2148 416 2202 ut
430 2140 531 2202 Deus
556 2160 602 2202 ex
625 2144 707 2222 lege
732 2160 796 2203 sua
812 2141 974 2203 docuerit
988 2143 1270 2223 reprobandum
1295 2162 1361 2204 nec

376 2246 471 2306 valet
494 2246 552 2307 vel
583 2246 704 2309 deficit
729 2247 879 2308 humana
907 2246 1041 2308 eleccio
1066 2246 1133 2309 nisi
1156 2247 1200 2308 de
1229 2257 1361 2328 quanto

377 2349 551 2412 eleccioni
574 2350 692 2413 divine
717 2349 896 2413 consentit
919 2349 975 2412 vel
999 2350 1187 2433 discrepat.
1209 2351 1266 2413 Ex
1290 2372 1361 2433 quo

376 2463 486 2536 patet,
510 2475 589 2517 cum
612 2464 683 2518 stat
705 2455 881 2518 electores
906 2453 989 2537 cogi
1012 2455 1211 2518 humanitus
1235 2457 1279 2518 ad
1303 2457 1361 2518 eli·

376 2560 532 2643 gendum
565 2570 651 2641 aput
682 2560 797 2621 Deum
832 2561 1023 2641 ydoneum
1057 2562 1153 2641 quod
1182 2561 1275 2623 dicta
1302 2563 1362 2624 lex
1375 2584 1408 2616 πυ

377 2664 487 2726 debet
518 2664 676 2745 intelligi,
716 2664 856 2746 quando
895 2662 1052 2726 militaris
1085 2664 1143 2726 vel
1179 2666 1363 2747 popularis

376 2770 546 2831 tumultus
580 2768 680 2849 cogit
711 2768 755 2831 ad
790 2767 990 2851 eligendum
1023 2767 1222 2847 inhabilem,
1254 2791 1363 2852 quare

377 2871 484 2957 igitur
515 2893 598 2949 non,
637 2873 667 2935 si
701 2873 875 2954 dyabolus
908 2874 965 2935 vel
1001 2883 1187 2956 peccatum
1220 2875 1364 2957 collegii

378 2977 572 3040 electorum
597 2988 633 3040 et
649 2976 851 3040 observatis
874 2978 1033 3040 humanis
1056 2978 1182 3041 ritibus
1199 2979 1297 3061 cogit
1320 2981 1362 3041 ad

378 3079 580 3162 eligendum
608 3091 678 3144 tam
700 3082 899 3159 inhabilem,
929 3102 1020 3164 eque
1050 3103 1120 3145 non
1145 3083 1407 3165 apostolicum?

377 3186 442 3247 sed
466 3187 684 3268 apostaticus
706 3188 892 3250 habendus
917 3189 991 3250 est?
1016 3187 1092 3250 Nec
1116 3197 1172 3251 est
1194 3188 1363 3270 probacio

377 3289 469 3371 legis
491 3291 640 3353 humane
657 3300 727 3354 tam
743 3292 868 3367 valida,
892 3290 984 3353 sicut
1000 3291 1176 3355 sensibilis
1193 3293 1363 3374 probacio

378 3393 483 3458 docta
516 3415 562 3457 ex
595 3395 668 3459 vita
699 3393 888 3478 prepositi;
914 3395 918 3479 l
942 3415 1021 3457 narn
1054 3395 1162 3458 maior
1190 3406 1293 3478 capta
1317 3415 1363 3457 ex
1395 3403 1458 3467 ω’

377 3499 460 3582 lege
488 3500 631 3562 Domini
655 3507 692 3562 et
714 3499 827 3562 minor
856 3510 959 3581 capta
988 3503 1030 3562 ad
1054 3519 1197 3563 sensum
1222 3520 1267 3561 ex
1291 3501 1364 3563 vita

377 3602 562 3684 prepositi,
599 3604 817 3666 concludunt
848 3603 996 3680 cercius
1036 3623 1139 3685 quam
1178 3605 1410 3667 evidencie30

377 3707 518 3787 palliare
552 3728 597 3770 ex
628 3708 788 3770 humanis
825 3708 975 3790 legibus.
1015 3707 1181 3773 Secundo
1216 3709 1365 3771 docetur

379 3811 503 3874 eadem
531 3812 713 3875 sentencia
741 3833 787 3875 ex
815 3815 896 3894 lege
919 3813 1102 3895 Jeronymi
1131 3813 1363 3876 distinccione

432 4137 451 4180 5.
478 4136 554 4181 Codd.
577 4139 600 4180 in
625 4149 710 4192 marg:
740 4137 805 4192 Papa
828 4139 979 4193 apostaticus.
1073 4138 1093 4180 6.
1120 4139 1206 4184 Codd.:
1235 4138 1271 4182 uel
1291 4140 1363 4184 deest.

380 4218 415 4250 20.
432 4212 501 4262 apum
517 4207 544 4250 B:
560 4212 633 4263 caput.
690 4221 726 4260 ²4-
743 4207 832 4251 Codd.:
848 4208 949 4251 electori.
1005 4209 1098 4264 29-32.
1116 4209 1169 4263 lege
1182 4231 1208 4240 -
1221 4208 1275 4265 lege
1288 4209 1363 4252 twice.

430 4349 454 4402 6.
475 4351 549 4400 oecr.
571 4351 657 4399 Prima
676 4366 746 4416 pars,
766 4352 824 4402 dist.
846 4351 993 4415 LXXVHH,
1016 4366 1072 4417 cap.
1091 4351 1132 4411 lx.
