3008 5026
184 366 316 458 cmvi]
479 388 525 439 os
543 388 756 439 Porssrnrs
776 390 877 441 rurs.

186 565 371 626 accensus;
404 566 487 628 ymo
519 545 661 610 videtur
683 546 976 629 predestinatum,
1005 547 1087 611 dum
1111 547 1171 610 cri·

185 651 276 714 mine
299 650 407 714 fuerit
422 650 562 715 Christo
588 651 796 732 contrarius,
822 652 891 714 dici
906 671 1016 735 posse
1032 651 1174 714 realiter

184 755 449 838 Antichristum,
473 757 580 819 modo
597 777 669 839 quo
691 756 751 819 ille
768 757 827 839 qui
843 758 928 820 dixit
943 756 1081 837 etfacta
1096 760 1175 820 suut

184 860 267 925 Mat.
283 859 376 924 XVI
392 871 543 944 propter
558 861 848 925 adversacionem
863 861 1019 926 nominat
1028 860 1174 924 Petrum

164 968 377 1031 §sathanam
427 966 493 1028 Est
537 965 647 1048 igitur
692 966 884 1030 christiano
934 966 1173 1030 necessarium

185 1089 406 1154 cognoscere
429 1069 695 1134 Antichristum.

226 1173 394 1241 Secundo
415 1175 621 1255 notandum,
646 1175 743 1258 quod
760 1176 805 1238 de
823 1176 919 1238 clero
942 1195 1094 1239 necesse
1119 1185 1175 1240 est
1223 1169 1353 1214 *millii

1192 1229 1255 1265 must
1269 1224 1303 1266 ori
1323 1224 1384 1266 innte

184 1279 440 1344 Antichristum
469 1281 614 1343 trahere
637 1300 735 1342 suam
759 1279 946 1361 originem3
980 1300 1058 1343 cum
1083 1281 1175 1344 enim
1229 1276 1289 1318 “⁰¹¹¹
1305 1282 1342 1317 Ν

183 1406 255 1449 non
287 1405 411 1448 omnes
444 1386 651 1448 sacerdotes
675 1384 874 1448 confirmati
901 1393 993 1466 sunt,
1021 1406 1174 1449 necesse
1245 1327 1330 1383 elem*

149 1501 239 1556 mest
277 1490 376 1573 quod
414 1489 521 1572 aliqui
566 1499 718 1573 propter
763 1498 875 1554 status
921 1490 1175 1555 excellenciam

185 1597 314 1659 cadant
335 1594 556 1678 profundius.
589 1594 650 1659 Sic
673 1615 823 1679 magnus
845 1595 1085 1658 Antichristus
1108 1594 1176 1658 fuit

183 1699 325 1763 Lucifer
348 1721 427 1764 cum
451 1700 524 1764 suis
548 1699 791 1783 complicibus,
823 1700 874 1764 sic
896 1721 1045 1786 magnus
1067 1700 1173 1764 Anti-

184 1806 336 1869 christus
352 1805 418 1869 fuit
429 1804 596 1869 Scarioth
613 1826 691 1868 cum
708 1806 824 1869 avaris
840 1806 913 1869 suis
930 1805 1174 1888 sequentibus,

184 1919 219 1974 et
250 1910 300 1974 ita
331 1910 377 1973 de
414 1910 652 1996 generacione
690 1930 851 1994 nequam,
890 1930 959 1992 que
996 1909 1175 1993 processit

149 2014 284 2098 15Cayn
306 2035 423 2098 usque
456 2016 500 2078 ad
523 2015 756 2079 novissimum
778 2015 1053 2098 reprobandum,
1080 2016 1174 2078 unde

183 2122 310 2184 beatus
326 2119 559 2204 Evangelista
574 2119 609 2182 11
634 2120 790 2203 epistola
814 2119 981 2184 canonica
998 2119 1174 2202 concedit,

183 2226 282 2307 quod
303 2224 404 2288 multi
427 2226 637 2289 seductores
662 2225 829 2289 exierunt
851 2226 886 2288 in
910 2226 1086 2307 mundum,
1115 2224 1175 2308 qui

184 2349 254 2392 non
298 2329 512 2393 confitentur
548 2330 694 2409 Jhesum
732 2330 910 2394 Christum
952 2330 1097 2393 venisse
1138 2329 1175 2393 in

184 2454 303 2509 carne3
340 2433 398 2497 hic
437 2444 492 2497 est
530 2435 700 2499 seductor
739 2444 776 2499 et
807 2435 1042 2516 antichristus,
1080 2436 1174 2497 unde

143 2567 173 2604 20
184 2539 295 2622 prima
323 2539 475 2621 epistola
499 2538 561 2620 IV,
591 2560 666 2622 cap.
696 2561 726 2604 r:
758 2541 862 2604 Multi
883 2540 1175 2623 pseudoprophete

183 2647 334 2708 exierunt
343 2646 380 2706 iu
390 2645 578 2721 muudum
588 2654 625 2709 et
635 2644 797 2727 sequitur
809 2664 931 2708 eorum
944 2643 1144 2727 descripcio
1152 2641 1172 2730 :l

106 2768 155 2830 ιςοε
187 2746 309 2813 Omnis
330 2749 476 2830 spiritus
498 2752 555 2832 qui
576 2751 713 2814 soluerit
728 2749 870 2815 Jhesum
886 2768 925 2814 er
947 2751 1018 2814 Deo
1034 2769 1101 2813 uou
1117 2755 1174 2829 est,

182 2858 212 2916 et
242 2855 295 2916 hic
329 2858 376 2917 est
398 2853 629 2919 Antichristus
661 2858 702 2918 de
734 2873 799 2936 quo
832 2855 981 2918 audistis
1010 2854 1174 2936 quoniam

183 2959 281 3039 veuit,
300 2966 336 3021 et
353 2959 509 3022 declarat
532 2961 631 3041 quod
645 2959 705 3023 ille
721 2958 965 3023 Antichristus
982 2958 1028 3022 sit
1042 2960 1174 3022 mundo

143 3061 327 3129 25deditus
361 3072 398 3126 et
428 3064 473 3126 de
498 3064 594 3126 clero
619 3063 760 3147 prodiit.
784 3063 849 3127 Cui
874 3063 1103 3127 conformiter
1124 3065 1174 3127 lo·

184 3166 304 3249 quitur
328 3165 490 3232 Christus
514 3168 638 3232 Matth.
661 3167 806 3250 XXIV,
836 3189 869 3248 5:
902 3169 1016 3250 Multi,
1048 3167 1174 3251 inquit,

183 3273 313 3336 veuieut
344 3273 382 3336 r'u
412 3273 551 3337 nomine
591 3292 676 3355 meo,
710 3275 857 3337 diceutes
891 3275 973 3354 quia
1005 3285 1065 3355 ego
1096 3292 1174 3337 sum

185 3374 350 3456 Christus,
388 3382 418 3440 et
455 3378 580 3441 multos
617 3378 785 3453 seducent,
828 3385 865 3440 et
901 3375 981 3439 illos
1018 3376 1176 3439 nominat

181 3479 364 3563 posterius
385 3481 670 3547 Pseudochristos.
690 3481 747 3544 Ex
768 3480 898 3564 quibus
914 3479 1056 3543 videtur
1078 3480 1175 3563 quod

142 3601 173 3653 30
183 3592 334 3667 surgent
357 3586 401 3648 de
426 3587 530 3651 clerc.

224 3690 273 3753 Et
304 3690 499 3752 concordat
530 3690 626 3753 racio
658 3711 738 3753 cum
771 3689 996 3753 antichristus
1023 3697 1174 3772 peccato
1189 3701 1391 3799 iiiiiiiiiririin

183 3792 394 3878 gravissimo
429 3802 466 3857 et
497 3795 610 3878 magis
643 3794 797 3858 subdolo
831 3795 899 3857 erit
922 3793 1063 3858 Christo
1092 3814 1173 3857 con·
1204 3808 1225 3850 i·
1240 3807 1374 3864 hypocrisy.

182 3899 320 3965 trarius.
352 3898 426 3965 Sed
456 3899 544 3962 illud
574 3907 763 3983 peccatum
794 3907 940 3984 oportet
966 3918 1048 3963 esse
1071 3896 1175 3963 tradi·

237 4168 256 4202 r.
275 4157 297 4200 A
315 4156 340 4200 tn
355 4168 443 4212 marga
463 4155 526 4201 Nota
544 4156 687 4200 contradicit
702 4156 750 4200 rthr'
766 4156 795 4200 de
813 4157 919 4200 ecclesia.
974 4168 998 4214 7.
1012 4160 1033 4202 Α
1049 4157 1073 4201 Ιη
1088 4168 1176 4213 marga

184 4224 339 4270 Antichristus
352 4237 382 4269 ex
396 4227 467 4269 clero.

236 4350 261 4401 7.
281 4333 321 4387 Cf.
339 4333 444 4401 Wyclif,
465 4334 502 4384 De
522 4332 684 4384 Antichristo
696 4356 730 4378 =
744 4334 796 4402 Op.
817 4335 863 4386 Er.
884 4334 925 4400 ΙΙΙ,
944 4333 969 4388 6.
