3008 5026
651 377 821 428 tonsurus
839 377 979 428 wreus
1160 357 1245 446 [cun.
1264 372 1316 416 xn.

368 535 441 600 Ista
473 542 591 599 autem
624 535 819 597 secundum
850 533 955 597 fidem
989 533 1168 617 scripture
1193 540 1318 596 sunta

323 660 417 723 papa
451 648 488 702 et
519 639 682 722 quolibet
714 637 886 720 episcopo
910 637 1120 715 meditanda,
1149 646 1186 701 et
1211 644 1315 719 post·

324 743 453 827 positis
497 742 633 806 cunctis
675 742 818 826 legibus
863 742 1041 806 extraneis
1080 740 1319 805 effectualiter

326 849 549 931 exequenda
587 846 628 910 In
662 846 840 911 extraneis
873 846 966 910 enim
996 846 1138 930 legibus
1170 845 1267 909 iacet
1299 865 1319 908 a

325 954 409 1035 lege
426 951 555 1017 Christi
580 960 616 1015 et
638 972 705 1035 per
729 971 952 1034 consequens
975 953 1091 1014 aDeo
1116 949 1344 1026 distraccio‚5

327 1056 512 1139 utriusque
544 1055 749 1119 testamenti
780 1053 931 1118 offensio
969 1064 1006 1118 et
1037 1054 1242 1139 periculosa
1279 1072 1321 1116 ac

132 1169 253 1216 Arieneos
269 1176 292 1212 10
328 1161 441 1224 latens
458 1160 648 1225 iniuriacio.
673 1158 761 1241 Quis
777 1161 915 1241 (queso)
940 1159 1088 1237 dubitat,
1112 1158 1197 1242 quin
1216 1178 1321 1223 occu·

137 1223 288 1321 &33:333
329 1264 432 1348 pacio
458 1265 550 1328 circa
574 1266 676 1346 leges
697 1264 886 1342 hominum,
911 1284 980 1346 que
998 1284 1122 1328 omnes
1138 1273 1222 1327 sunt
1238 1283 1322 1326 con·

120 1325 310 1422 “mium-⁸⁰⁶
330 1369 443 1432 clusio
460 1369 504 1432 ad
521 1368 717 1432 viacionem
735 1367 926 1451 superflue,
946 1371 990 1432 de
1007 1377 1105 1432 tanto
1122 1367 1324 1432 distrahunt

329 1473 492 1556 pusillam
517 1473 748 1556 capacitatem
771 1472 885 1536 anime
910 1475 1027 1556 alege
1042 1472 1208 1536 Domini?
1232 1471 1323 1554 Quis
1338 1497 1366 1530 ιο

329 1577 475 1661 insuper
511 1577 641 1641 hesitat
688 1577 733 1640 de
772 1577 977 1660 legislatore
1016 1577 1169 1656 Christo,
1215 1597 1324 1660 quem

331 1690 477 1766 oportet
532 1702 671 1745 omnem
726 1683 933 1746 salvandum
984 1681 1106 1764 sequi?
1159 1682 1324 1745 Psalmus

331 1787 456 1870 primo,
481 1807 497 1850 2
524 1785 706 1850 scribitur:
740 1786 781 1850 In
813 1790 883 1869 lege
915 1789 988 1851 eius
1020 1787 1243 1851 meditabitur
1269 1788 1325 1850 die

331 1910 373 1954 ac
395 1897 496 1972 nocte,
519 1911 602 1974 ymo
619 1891 881 1955 Deutronomio
892 1890 991 1971 VIII,
1013 1913 1022 1954 ι
1052 1890 1194 1955 dicitur:
1215 1889 1326 1955 Omue

332 1996 537 2059 mandatum
560 1998 650 2076 quod
672 2009 732 2077 ego
749 1997 906 2078 precipio
928 1997 989 2059 tibi
1009 1997 1114 2072 hodie,
1140 2014 1220 2058 cave
1239 1997 1367 2059 dili-15

328 2107 448 2182 genter
470 2106 507 2164 ut
521 2101 651 2182 facias.
685 2100 732 2163 Et
755 2100 837 2182 quia
861 2101 995 2164 adhoc
1017 2100 1209 2181 requiritur
1231 2119 1325 2163 man-

333 2205 494 2267 datorum
518 2204 661 2284 noticia3
688 2207 692 2285 Ι
712 2204 794 2268 ideo
817 2205 1081 2268 Deutronomio
1104 2204 1167 2282 VI,
1191 2209 1221 2287 ό,
1246 2225 1326 2288 pre·
1356 2207 1411 2275 246¹

335 2309 463 2391 cipitur
494 2318 579 2392 post
611 2309 889 2393 precepcionem
912 2309 1147 2373 observancie
1170 2309 1327 2373 omnium

335 2414 579 2477 mandatorum
601 2420 701 2479 erunt
724 2416 826 2478 verba
848 2415 914 2490 hec,
938 2434 1000 2496 que
1024 2428 1083 2496 ego
1095 2416 1252 2496 precipio
1267 2416 1328 2478 tibi

335 2519 441 2597 hodie,
474 2518 509 2581 in
542 2523 642 2582 eorde
673 2523 739 2598 tna,
771 2524 800 2582 et
831 2520 995 2582 narrabis
1017 2537 1058 2583 ea
1079 2520 1171 2599 filiis
1202 2520 1273 2583 luis
1298 2524 1329 2583 et
1340 2543 1371 2575 20

336 2623 555 2686 meditaberis
584 2624 704 2686 sedens
736 2624 771 2685 in
805 2625 906 2687 dorna
939 2629 1000 2688 tua
1032 2628 1062 2686 et
1084 2623 1269 2688 ambulans
1292 2626 1328 2687 in

337 2727 465 2798 itinere,
483 2728 659 2792 dormiens
673 2733 772 2808 atque
787 2741 1003 2809 consurgens.
1020 2728 1067 2791 Et
1081 2728 1159 2807 Joh.
1168 2726 1275 2806 XIV,
1291 2749 1327 2808 15

338 2831 381 2892 ab
416 2850 508 2913 equo
542 2829 682 2894 dicitur:
717 2830 757 2895 Si
786 2834 863 2912 quis
893 2834 1007 2914 diligit
1037 2851 1102 2909 me,
1133 2850 1329 2896 sermonem

339 2955 453 2998 meum
476 2937 632 3002 servabit.
669 2935 786 2999 Nichil
819 2936 910 3000 enim
943 2937 1117 3000 attencius
1144 2936 1331 3001 mandatur

342 3059 361 3101 a
382 3039 549 3119 Domino,
573 3061 676 3122 quam
699 3040 791 3122 iugis
816 3041 1002 3105 meditacio
1027 3040 1119 3124 legis
1141 3040 1222 3104 Dei.
1343 3045 1372 3096 25

156 3153 234 3215 uranu
249 3154 294 3215 antu
384 3144 430 3207 Et
453 3153 621 3227 quantum
646 3147 689 3208 ad
711 3146 860 3209 tercium
884 3154 993 3227 patet,
1018 3146 1115 3228 quod
1135 3144 1171 3207 in
1185 3145 1331 3228 legibus

150 3214 302 3303 iflffiticlaii·
340 3248 499 3312 humanis
532 3256 588 3312 est
620 3248 751 3312 fraudis
779 3258 816 3312 et
838 3248 964 3312 iniurie
991 3249 1187 3332 plenitudo
1223 3249 1332 3312 Patet

340 3354 409 3415 hoc
433 3353 478 3415 de
501 3353 684 3435 principiis
701 3355 758 3417 vel
779 3353 940 3417 maximis
963 3355 1082 3439 legum
1106 3353 1270 3431 ecclesie,
1295 3362 1332 3416 et

342 3457 451 3519 multo
485 3457 596 3540 magis
626 3459 670 3519 de
700 3458 989 3521 conclusionibus
1018 3478 1065 3520 ex
1087 3456 1155 3521 illis
1181 3477 1332 3540 sequen·

341 3560 445 3625 tibus.
484 3560 571 3624 Nam
605 3561 696 3624 libro
720 3561 773 3624 VI
807 3564 851 3625 de
884 3561 1201 3627 constitucionibus
1229 3562 1335 3625 datur
1346 3568 1377 3618 30

342 3686 408 3747 pro
432 3668 566 3748 regula,
595 3669 692 3748 quod
714 3668 844 3730 duobus
866 3687 975 3749 super
998 3670 1116 3731 eadem
1134 3667 1334 3749 provisione

342 3771 473 3833 litteras
505 3791 527 3833 a
556 3791 653 3853 papa
675 3773 871 3836 habentibus
893 3791 964 3834 nna
987 3774 1051 3850 die,
1084 3773 1122 3849 is,
1153 3772 1210 3833 cni
1232 3791 1335 3853 papa

396 4002 425 4033 ιι.
441 3989 529 4035 Coun:
545 3992 632 4034 besitat
644 3993 707 4047 quin.
763 4005 794 4046 ¹4-
812 3991 887 4037 Codd.
898 3992 922 4037 in
933 4004 1019 4047 marg:
1033 3992 1081 4037 Lex
1091 3992 1137 4036 Dei
1148 3992 1217 4036 debet
1230 3993 1336 4050 diligen·

343 4060 431 4103 tissime
443 4059 540 4104 studeri.
596 4060 633 4106 25.
644 4073 719 4117 quam.
735 4061 764 4105 B:
779 4062 850 4118 quad.
905 4061 1031 4107 30.e0<1d.
1046 4064 1068 4107 in
1084 4074 1170 4118 marga
1184 4062 1338 4118 lexpapalir

342 4127 435 4183 patitur
450 4129 594 4173 instanciam.

400 4221 436 4273 13.
455 4221 551 4271 Psalm.
571 4221 682 4284 exvul,
705 4221 747 4274 85.
820 4225 859 4276 30.
883 4223 963 4273 Liber
981 4225 1082 4291 Sextus,
1105 4224 1142 4274 tit.
1162 4222 1192 4275 ΙΙ,
1217 4225 1271 4274 Sed
1296 4236 1338 4276 est

343 4309 437 4360 titulus
456 4308 488 4357 Ill
508 4309 545 4358 De
565 4309 713 4373 Rescriptis‚
733 4325 788 4376 cap.
809 4311 870 4360 XlV
889 4311 1009 4365 Duobus.
