3008 5026
691 407 863 458 Jonnuuis
882 408 1023 459 wicus
1202 388 1287 473 [cnr.
1309 403 1351 449 vn

367 567 556 644 sentencia,
590 574 629 628 ut
656 575 779 648 preter
806 565 940 629 literam
968 564 1099 629 factum
1127 564 1214 628 illud
1241 566 1361 649 signat

366 673 467 737 iuxta
486 675 491 754 Ι
512 673 609 756 quod
631 671 800 755 martyrio
824 670 934 737 cicius
957 671 1100 736 venitur
1122 672 1165 735 ad
1182 671 1360 738 Christum
1391 674 1448 745 197⁸

367 787 519 844 stantem
534 778 570 841 in
581 777 778 841 eternitatis
794 777 923 857 littore,
940 798 1043 861 quam
1054 778 1360 861 contemplacione

368 886 426 948 vel
461 883 579 948 officio
615 884 871 948 confessorum.
915 881 963 945 Et
993 892 1116 966 preter
1145 883 1213 947 hec
1245 884 1360 948 tercio

157 1022 208 1066 ῃ,
223 1023 272 1066 „ch
287 1033 342 1065 m„
370 989 529 1072 signatur
561 989 658 1071 quod
695 988 788 1051 sicut
819 988 915 1070 apud
948 989 1065 1051 Deum
1098 997 1157 1053 est
1186 988 1385 1070 possibiles

164 1086 216 1183 Ἥ
227 1073 343 1171 ἕῖιῆἰέξά
368 1095 465 1178 quod
488 1093 568 1176 quis
590 1092 802 1157 intromittat
824 1113 864 1157 se
885 1112 964 1156 cum
984 1095 1115 1157 mundo
1133 1102 1170 1156 et
1184 1092 1361 1157 adiutorio

154 1232 193 1274 ,m
208 1191 310 1287 iffi,
325 1230 352 1274 ,f
368 1220 409 1263 ac
425 1199 592 1262 miraculo
609 1218 674 1262 suo
686 1199 816 1262 evadat
831 1198 1036 1280 periculum,
1053 1207 1093 1261 ut
1103 1196 1189 1262 dicit
1199 1195 1361 1263 Christus

153 1283 356 1342 ⁹⁰w¹yi⁸⁵³s²¹¹
368 1305 464 1368 Luce
487 1302 626 1381 XVIII,
651 1323 776 1383 24—27
806 1323 912 1384 quam
940 1304 1082 1384 difficile
1108 1305 1167 1385 qui
1195 1304 1363 1385 pecunias

366 1412 486 1475 hahent
501 1421 646 1490 regnum
662 1408 728 1472 Dei
743 1409 945 1484 introibunt,
957 1407 1107 1489 facilius
1123 1414 1170 1473 est
1188 1409 1361 1472 camelum

363 1515 601 1598 perforamen
619 1531 702 1577 acus
716 1515 878 1589 transire,
889 1531 994 1594 quam
1007 1515 1147 1578 divitem
1162 1515 1199 1576 in
1214 1526 1361 1594 regnum
1375 1533 1405 1568 ¹0

367 1620 441 1684 Dei.
463 1619 505 1682 Et
527 1621 696 1695 dixerunt,
724 1621 782 1700 qui
803 1619 862 1682 hac
887 1618 1083 1695 audiebant,
1106 1623 1136 1682 et
1157 1619 1235 1699 quis
1251 1623 1363 1701 potest

367 1727 484 1788 salvus
505 1724 616 1804 ficri?
659 1723 701 1786 Et
730 1725 778 1785 ait
810 1724 895 1787 illis:
925 1741 988 1804 que
1024 1723 1252 1805 impossibilia
1282 1729 1363 1787 sunt

368 1832 464 1913 apud
494 1829 648 1892 homines
689 1828 872 1909 possibilia
903 1833 982 1892 sunt
1018 1829 1116 1910 apud
1146 1827 1269 1892 Deum.
1315 1828 1363 1891 Et

368 1935 510 1998 videtur
540 1933 644 1995 michi
677 1933 773 2015 quod
804 1933 898 1996 illam
938 1932 1182 1995 difficultatem
1206 1932 1362 2015 signavit

367 2039 497 2102 Petrus
528 2037 651 2101 Matth.
682 2035 784 2114 XIV,
816 2057 868 2117 30,
907 2037 1048 2120 quando
1071 2037 1220 2100 veniens
1252 2046 1404 2120 superis

369 2164 477 2226 aquas
500 2144 544 2206 ad
560 2141 751 2205 Dominum
767 2150 918 2224 propter
933 2149 1079 2204 ventum
1094 2141 1248 2206 validum
1265 2142 1364 2225 cepit

367 2248 495 2331 mergi,
537 2247 697 2329 quamvis
737 2245 829 2309 enim
866 2245 968 2310 multi
1005 2246 1137 2310 divites
1175 2246 1280 2330 proni
1317 2249 1364 2312 ad

368 2373 544 2437 pompam,
561 2370 653 2433 quos
669 2359 815 2433 oportet
829 2351 981 2414 finaliter
1001 2351 1167 2414 mundum
1184 2352 1362 2433 deserere,

368 2459 561 2522 innitentes
578 2455 708 2520 Christi
724 2455 900 2519 adiutorio
917 2456 1155 2536 salvabuntur,
1171 2456 1230 2519 via
1244 2465 1364 2521 tamen

369 2561 536 2627 veniendi
559 2560 703 2643 navigio
728 2568 784 2623 est
808 2562 903 2623 clero
927 2560 1097 2632 securior,
1122 2560 1204 2643 quia
1225 2562 1363 2645 lignum
1375 2584 1407 2619 20

369 2666 491 2730 salutis
515 2665 738 2748 supponitur,
770 2673 810 2727 ut
837 2665 990 2728 medium
1016 2665 1243 2748 impulsivum
1271 2666 1364 2749 peri·

370 2772 536 2849 culorum,
560 2789 629 2851 que
654 2789 701 2831 ex
724 2768 825 2851 aquis
849 2769 969 2832 mundi
993 2769 1221 2853 contigerint.

412 2875 469 2938 Ex
493 2894 564 2957 quo
581 2874 723 2936 videtur
740 2875 837 2956 quod
861 2874 978 2937 clerus
994 2876 1060 2938 sed
1081 2894 1176 2957 papa
1190 2875 1365 2958 precipue

369 2982 479 3044 debet
511 2979 608 3042 viare
640 2999 706 3061 per
737 2978 831 3041 illam
864 2978 1035 3060 semitam,
1068 2980 1104 3042 in
1136 3000 1207 3062 qua
1238 2989 1367 3062 posset

370 3084 529 3149 securius
553 3092 590 3148 et
613 3082 825 3166 expedicius
850 3083 952 3165 sequi
969 3082 1164 3163 Christum3
1194 3083 1407 3170 securius‚25

371 3189 452 3273 quia
475 3196 588 3252 status
613 3188 917 3270 exproprietarius
942 3197 998 3251 est
1015 3189 1221 3272 elongacior
1237 3209 1257 3252 a
1272 3187 1366 3271 peri·

370 3295 450 3357 culo
473 3300 736 3374 temptatorum,
763 3300 799 3354 et
823 3291 1042 3374 expedicius
1072 3293 1154 3376 quia
1176 3293 1291 3357 minus
1313 3292 1365 3356 in·

369 3398 516 3462 tricatur
540 3417 619 3460 cum
642 3397 773 3460 mundo
799 3405 835 3461 et
856 3396 1032 3476 hostibus,
1057 3397 1116 3479 qui
1140 3417 1161 3460 a
1182 3396 1274 3482 legis
1294 3398 1367 3461 Dei

371 3500 605 3566 observancia
619 3503 852 3565 retardarent.
875 3501 982 3564 Unde
1006 3504 1181 3585 propulsa
1195 3501 1367 3565 vecordia

372 3627 419 3670 ex
441 3607 687 3689 temporalium
710 3606 931 3689 pinguedine
954 3606 1036 3671 talis
1058 3606 1366 3689 exproprietarius
1377 3618 1409 3669 30

372 3713 494 3775 estad
518 3710 721 3793 martyrium
745 3730 813 3793 pro
838 3709 979 3774 Christo
1003 3711 1182 3794 paracior;
1205 3711 1242 3774 in
1266 3711 1366 3775 cuius

371 3816 511 3899 signum
528 3815 750 3880 cronicantes
776 3823 902 3879 notant
925 3817 1022 3898 quod
1038 3824 1124 3898 post
1140 3816 1366 3880 dotacionem

371 3921 513 3985 fuerunt
536 3920 639 4004 pauci
662 3922 720 3983 vel
743 3920 830 3984 nulli
853 3941 948 4004 pape
971 3930 1155 4004 martyres,
1174 3919 1179 4007 Ι

415 4025 492 4089 Nec
516 4028 623 4090 obest
645 4026 724 4089 talis
740 4045 869 4089 sensus
884 4025 1047 4109 varietas,
1071 4047 1150 4090 cum
1167 4045 1258 4109 aqua
1272 4046 1366 4090 nunc
1398 4038 1452 4102 ¹97⁰

372 4130 491 4214 signat
521 4130 681 4208 divicias,
712 4151 806 4194 nunc
840 4130 1094 4195 tribulaciones
1123 4139 1161 4194 et
1187 4151 1281 4194 nunc
1303 4151 1365 4214 po·
1378 4141 1408 4192 35

425 4382 447 4426 9.
462 4370 493 4414 Bi
508 4375 530 4414 et
536 4359 647 4426 facilius.
