3008 5026
162 391 292 481 cunm]
456 412 499 462 or
521 412 731 463 roresrnrc
752 413 850 464 Parc.
1300 400 1361 478 ²¹3

162 576 368 650 contempto
401 567 495 633 omni
527 570 676 632 seculari
705 572 892 633 commodo
917 571 976 632 vel
998 571 1144 633 honore.
1161 582 1354 680 fflssssssssssglffd

66 667 132 733 2¹4b
161 670 267 752 Quod
284 672 313 734 si
329 672 516 736 Robertus
532 675 590 737 vel
610 673 697 737 alius
713 673 817 736 nobis
829 673 833 757 l
846 674 964 737 facere
982 674 1144 751 voluerit,
1168 689 1272 731 sacnnce
1286 689 1347 731 their

160 796 229 838 non
266 777 548 854 contradicimus,
588 779 686 841 Deus
725 777 793 841 sibi
830 779 1013 855 retribuat,
1051 781 1144 842 unde
1160 740 1357 847 opnalapffiaptppe

159 881 286 944 beatus
308 879 561 963 Crysostomus
585 881 645 944 ubi
668 901 788 964 supra:
812 883 990 965 Principes
1013 884 1146 946 ecclesie

135 991 147 1040 5
158 985 262 1062 fiunt,
286 991 321 1049 ut
343 987 495 1050 serviant
518 987 711 1050 minoribus
733 987 806 1050 suis
828 991 858 1049 et
879 988 1072 1049 ministrent
1097 989 1145 1050 eis

158 1107 359 1170 quecumque
382 1094 582 1172 acceperunt
605 1109 628 1153 a
653 1089 796 1162 Christo,
820 1096 857 1154 ut
878 1111 962 1154 suus
984 1092 1146 1155 utilitates

158 1194 332 1274 negligant
359 1200 389 1257 et
416 1196 555 1257 illorum
578 1200 775 1276 procurent,
805 1201 841 1258 ut
867 1197 898 1258 si
925 1213 1010 1277 opus
1032 1194 1145 1275 suerit

159 1315 216 1360 nec
247 1299 339 1360 mort
370 1302 523 1362 recusent
548 1318 617 1380 pro
649 1302 759 1362 salute
790 1318 920 1377 eorum,
951 1301 1037 1362 sicut
1060 1300 1145 1377 serit

156 1400 347 1481 Apostolus.
379 1400 465 1464 Cum
491 1401 599 1486 igitur
630 1403 697 1464 hec
730 1402 776 1466 sit
806 1402 931 1486 religio
964 1422 1143 1485 paparum,

116 1528 146 1560 10
157 1514 256 1587 patet
280 1525 383 1587 quam
408 1506 603 1588 culpabiles
626 1525 647 1567 a
671 1507 751 1569 Deo
782 1516 864 1569 sunt
886 1506 1068 1589 principes
1092 1526 1144 1570 se·

158 1609 236 1687 culi,
260 1609 321 1691 qui
344 1629 519 1673 consensu
544 1612 652 1673 stulto
673 1610 784 1693 ipsam
802 1611 1041 1686 dissolverint,
1066 1630 1144 1693 spe·

158 1713 291 1776 cialiter
307 1714 546 1796 promittendo
562 1716 763 1778 thesaurum
784 1715 888 1797 regni
911 1725 948 1778 et
968 1715 1145 1797 legiorum

157 1837 300 1881 suorum
324 1819 368 1880 ad
389 1817 489 1899 ipsos
514 1816 705 1882 confluere.

199 1921 327 1985 Tercio
355 1930 457 2004 patet
480 1943 527 1984 ex
551 1922 655 1985 dictis
679 1923 859 2004 quomodo
889 1923 1001 1987 sancti
1025 1942 1144 1986 susce-

117 2035 285 2107 1³perunt
300 2025 471 2108 primatus
486 2026 695 2102 huiusmodi,
713 2027 868 2090 scientes
883 2028 978 2109 quod
994 2029 1144 2090 humana

157 2130 289 2193 eleccio
328 2131 385 2193 vel
426 2139 482 2193 est
519 2130 684 2212 primatui
723 2151 787 2195 suo
820 2131 1052 2215 impertinens
1084 2127 1359 2193 velrneeuuuor·

156 2234 290 2298 nociva.
313 2235 378 2297 Est
395 2235 485 2298 enim
503 2234 537 2296 in
554 2235 704 2317 primatu
720 2235 779 2298 tali
796 2234 949 2298 servitus
965 2235 1144 2298 laboriosa
1152 2180 1359 2277 hffi'dci‘ffi't

157 2351 192 2401 et
219 2340 349 2402 mundo
380 2339 519 2402 abiecta
547 2358 586 2401 ac
614 2338 843 2417 infructuosa,
871 2341 937 2402 sed
965 2295 1174 2403 meritoriam
1189 2285 1357 2340 narramus.

156 2446 272 2524 quoad
296 2444 424 2518 Deum,
449 2453 485 2506 et
508 2443 601 2505 illam
624 2445 815 2507 voluerunt
837 2443 950 2507 sancti
973 2445 1141 2507 doctores

113 2567 222 2629 cupro
251 2547 368 2611 fructu
396 2546 522 2629 premii
544 2549 792 2629 promerendo,
829 2547 896 2611 Est
918 2548 1077 2611 secundo
1107 2547 1140 2610 in

155 2651 306 2733 primatu
339 2651 553 2716 extollencia
585 2652 759 2714 mundana
791 2652 993 2734 periculosa
1025 2660 1062 2715 et
1093 2651 1140 2714 in·

155 2755 372 2820 sufficiencia
403 2759 462 2820 vel
493 2756 717 2839 negligencia
749 2756 955 2839 perficiendi
984 2755 1140 2819 officium

154 2860 306 2937 ruinosa,
339 2881 409 2943 que
442 2862 619 2943 paulative
649 2862 846 2943 augebatur
873 2860 1014 2924 racione
1043 2860 1139 2924 dota·

156 2965 266 3028 cionis
284 2964 447 3028 ecclesie.
472 2975 506 3026 et
530 2965 624 3028 illam
641 2965 830 3027 noluerunt
846 2964 958 3028 sancti
974 2975 1139 3046 pastores

113 3073 141 3123 25
155 3069 318 3147 ecclesie3
343 3079 379 3132 et
401 3068 482 3131 hinc
505 3078 590 3150 post
613 3068 835 3132 dotacionem
852 3069 1000 3132 inolevit
1015 3068 1139 3152 religio

154 3175 378 3255 prelatorum,
411 3175 508 3255 quod
540 3176 651 3236 verbo
687 3183 722 3236 et
754 3183 873 3237 mente
906 3173 1066 3236 dicerent
1103 3172 1138 3235 in

153 3278 280 3341 talibus
305 3277 544 3341 eleccionibus
571 3281 696 3342 nolens
712 3279 807 3354 volo,
833 3276 913 3360 quia
929 3279 1053 3341 nolens
1071 3278 1138 3340 hoc

154 3385 345 3444 secundum
369 3381 539 3445 nefarium
563 3383 645 3445 volo
670 3382 828 3464 primum.

196 3487 241 3550 Et
263 3496 363 3569 patet
385 3487 419 3549 in
440 3497 542 3569 parte
559 3487 738 3570 quomodo
755 3486 928 3548 solvenda
944 3494 1026 3550 sunt
1042 3485 1137 3548 dicta

112 3590 374 3672 30Crysostomi
413 3600 450 3654 et
474 3591 638 3655 obiectus
663 3610 868 3653 communes
906 3589 989 3652 facti
1013 3589 1047 3652 in
1071 3589 1138 3652 ista

153 3695 306 3758 materia.
339 3696 449 3758 Modo
475 3704 591 3758 autem
615 3696 752 3758 cautela
776 3695 920 3776 dyaboli
944 3703 981 3756 et
1003 3692 1138 3757 incuria

152 3799 358 3862 secularium
382 3800 425 3862 ad
448 3799 759 3882 perturbacionem
786 3818 948 3882 magnam
973 3796 1137 3874 ecclesie,

62 3914 123 3973 214‘
153 3904 280 3968 dicitur
301 3904 336 3967 in
360 3903 455 3968 facto
469 3906 472 3986 l
488 3904 708 3978 contrarium,
732 3904 871 3967 scilicet
894 3903 989 3986 quod
1011 3904 1136 3966 nolens

152 4008 380 4072 ministerium
419 4009 664 4092 evangelicum
702 4010 760 4070 vel
804 4008 1005 4071 mercedem
1052 4006 1136 4068 volo

110 4112 336 4194 uprimatum
369 4122 406 4176 et
437 4115 659 4178 commodum
682 4114 891 4196 temporale,
924 4120 960 4175 et
987 4130 1136 4174 necesse

206 4352 237 4396 18.
255 4352 283 4396 u:
298 4354 395 4395 munito.
