3008 5026
691 391 861 442 IOHANNIS
881 389 1019 439 WYCLIF

369 550 465 632 quod
488 568 582 630 papa
605 547 715 610 debet
742 566 823 610 esse
852 547 1066 629 capitaneus,
1098 544 1304 629 precedens
1326 543 1365 607 in

368 653 540 736 spirituali
564 651 724 715 exercitu
747 651 977 734 pacificando,
1008 661 1045 714 et
1077 651 1234 713 declarat
1263 649 1365 731 quod

368 767 425 820 est
463 757 572 819 clavis
611 758 655 819 ad
692 776 835 819 sensum
874 755 1052 838 scripture
1085 764 1120 817 et
1155 762 1363 817 sanctorum

368 863 562 924 doctorum.
594 860 721 923 Tercio
746 860 905 923 ostendit
928 860 1108 942 quomodo
1132 878 1227 941 papa
1246 858 1363 919 debet

368 968 544 1028 ambulare
568 984 677 1046 super
700 983 808 1046 aquas
836 966 882 1027 ad
905 964 1095 1027 Dominum
1116 964 1226 1026 instar
1248 960 1388 1037 Petris

368 1079 404 1132 et
427 1068 579 1152 exponit
601 1067 829 1152 propheciam
855 1067 1086 1152 Apocalipsis
1109 1066 1185 1130 XII
1214 1067 1260 1129 de
1284 1067 1361 1127 dra·

367 1192 458 1235 cone
502 1182 617 1235 stante
650 1181 731 1235 ante
763 1173 945 1235 mulierem
978 1171 1178 1256 parituram.
1217 1167 1362 1251 Quarto

367 1276 517 1359 exponit
533 1278 576 1338 ad
587 1276 853 1359 quadruplicem
876 1295 1018 1338 sensum
1035 1274 1216 1357 quomodo
1227 1272 1363 1337 Christi

366 1380 518 1443 vicarius
551 1381 660 1443 debet
693 1401 770 1443 cum
796 1381 906 1443 Petro
939 1399 979 1442 se
1011 1379 1152 1443 mittere
1184 1377 1221 1441 in
1252 1397 1363 1441 mare.

367 1483 500 1564 Quinto
533 1486 689 1548 declarat
722 1485 903 1567 quomodo
941 1504 1035 1568 papa
1066 1486 1177 1546 debet
1207 1481 1408 1568 vigilarem

366 1607 444 1651 cum
469 1587 621 1666 Christo,
650 1598 687 1650 et
716 1590 813 1670 quod
844 1589 945 1651 aliter
973 1598 1028 1651 est
1052 1588 1248 1651 secundum
1273 1584 1362 1668 Cry-

365 1702 562 1756 sostomum
584 1693 837 1769 Antichristus,
861 1705 897 1755 et
920 1694 1101 1776 quomodo
1124 1692 1211 1755 illud
1233 1691 1363 1753 Matth.

365 1796 513 1859 XXIV:
532 1797 634 1860 Multi
649 1797 780 1859 uenient
797 1800 832 1859 in
850 1799 986 1860 nomine
1001 1817 1085 1873 meo,
1110 1799 1257 1860 dicentes
1276 1795 1364 1874 quia

365 1915 425 1982 ego
457 1921 536 1965 sum
571 1900 736 1976 Christus
774 1901 977 1964 verificatur
1015 1905 1060 1965 de
1097 1900 1195 1963 falsis
1228 1899 1364 1963 Christi

364 2007 506 2070 vicariis
530 2016 567 2069 et
591 2007 772 2088 quomodo
795 2027 906 2091 regna
929 2005 1007 2069 istis
1030 2005 1134 2089 papis
1151 2013 1362 2068 concertan·
1378 2023 1407 2074 15

367 2110 461 2174 tibus
498 2111 760 2175 racionabiliter
797 2111 1069 2194 responderent,
1108 2120 1144 2175 et
1175 2109 1363 2193 quomodo

365 2225 529 2298 pastores
568 2235 615 2278 ex
653 2214 750 2278 dicto
789 2215 888 2279 beati
922 2214 1090 2298 Gregorii
1120 2212 1363 2297 periculosius

365 2322 540 2384 maculant
555 2339 702 2402 gregem
715 2319 795 2386 Dei.
820 2318 934 2384 Sexto
953 2322 1107 2383 declarat
1124 2318 1251 2401 prelati
1266 2319 1362 2401 peri·

365 2427 481 2489 culum
497 2445 544 2488 ex
556 2424 660 2488 dictis
675 2424 947 2508 Lyncolniensis
965 2434 1002 2488 et
1016 2425 1113 2508 quod
1128 2423 1224 2487 foret
1241 2443 1361 2487 reme·

365 2530 468 2610 dium,
480 2539 516 2612 et
526 2529 705 2612 quomodo
713 2527 826 2592 CLIII
837 2528 955 2613 magni
964 2529 1084 2611 pisces
1095 2528 1236 2612 signant
1246 2536 1362 2592 totam
1376 2559 1409 2593 20

366 2634 553 2697 ecclesiam
564 2632 703 2711 Christi,
714 2645 751 2697 et
760 2635 941 2716 quomodo
953 2654 1047 2717 papa
1055 2633 1227 2697 niteretur
1236 2631 1362 2695 facere

365 2738 534 2801 similiter.
573 2738 735 2822 Septimo
770 2740 968 2802 declaratur
1000 2737 1232 2821 superioritas
1260 2757 1362 2819 pape

365 2863 431 2924 per
452 2845 532 2920 hoc,
556 2845 653 2925 quod
668 2843 704 2907 in
720 2843 832 2926 prima
848 2844 1000 2926 synodo,
1025 2845 1069 2906 de
1086 2863 1157 2924 qua
1171 2845 1255 2905 Act.
1272 2841 1362 2917 XV,

365 2947 479 3029 primo
504 2947 742 3011 sentenciavit
766 2968 831 3030 pro
855 2948 1020 3010 libertate
1045 2947 1207 3017 ecclesie,
1230 2946 1267 3009 in
1285 2967 1361 3029 quo

366 3060 450 3114 sunt
472 3051 538 3114 tria
561 3072 656 3134 pape
681 3052 892 3134 diligencius
909 3053 1119 3129 annotanda,
1143 3052 1236 3115 sicut
1256 3063 1295 3113 et
1311 3071 1361 3113 ex
1374 3067 1406 3117 25

365 3155 606 3238 precepcione
636 3156 767 3220 Christi
794 3158 917 3221 Matth.
946 3156 1076 3220 XVIII
1107 3157 1144 3219 in
1176 3176 1248 3239 qua
1281 3175 1360 3218 cor·

364 3258 488 3342 repcio
531 3260 685 3323 fraterna
728 3261 954 3344 singulariter
994 3261 1105 3324 Petro
1147 3259 1361 3343 precipitur.

366 3364 503 3428 Octavo
533 3365 682 3428 docetur
713 3368 895 3447 quomodo
927 3386 1025 3449 papa
1056 3367 1167 3428 debet
1203 3365 1360 3446 preemi-

364 3478 490 3531 nenter
513 3488 628 3532 amare
652 3469 782 3533 Christi
806 3471 991 3534 ecclesiam
1017 3480 1054 3533 et
1077 3479 1172 3533 stare
1195 3489 1261 3552 pro
1287 3471 1360 3553 pri·

365 3573 498 3656 vilegio
519 3573 523 3658 Ι
544 3573 617 3636 vite
652 3575 935 3658 exproprietarie
979 3576 1076 3657 quod
1109 3573 1271 3638 Christus
1303 3575 1360 3638 in·
1399 3589 1459 3652 254·

363 3677 530 3741 iunxerat
563 3689 600 3743 et
632 3679 868 3743 describendo
897 3680 1004 3743 vitam
1037 3678 1362 3762 exproprietariam

365 3785 497 3865 probat
520 3784 707 3867 tripliciter
740 3786 836 3867 quod
864 3805 968 3847 nemo
997 3786 1109 3847 habet
1136 3803 1156 3846 a
1186 3783 1268 3846 Deo
1295 3805 1361 3867 po·

365 3895 531 3952 testatem
556 3889 706 3952 clericos
729 3890 953 3973 degradandi.

409 3991 608 4075 Capitulum
632 4002 796 4057 octavum
821 3994 978 4056 declarat
1000 3993 1115 4078 primo
1144 3995 1188 4056 de
1211 3994 1363 4059 nomine

365 4116 472 4178 pape,
496 4100 675 4180 quomodo
699 4098 857 4178 inolevit,
886 4098 1044 4162 secundo
1067 4099 1223 4163 declarat
1246 4100 1362 4184 tripli·
1376 4116 1408 4167 35

419 4349 440 4379 r.
456 4340 484 4381 lt:
500 4344 522 4382 et
537 4340 607 4381 deust.
664 4351 700 4382 20.
717 4340 745 4383 u:
761 4341 849 4396 signat.
906 4352 943 4384 22.
959 4342 988 4383 lt:
1006 4340 1118 4386 declarat.
