3008 5026
648 398 819 446 sonamus
839 396 977 445 wrcen
1166 373 1253 459 [can
1267 389 1308 432 xi.

321 572 455 636 genere
479 560 618 636 ponunt
641 554 810 616 doctores
834 551 913 614 talis
938 559 1081 614 ornatus
1113 547 1309 631 pontificis,

320 657 434 739 prima
449 666 488 721 ut
498 658 714 720 excellencia
728 656 798 719 Dei
815 655 1060 718 consideretur
1075 651 1309 717 affectuosius

321 761 402 825 dum
428 760 502 824 eius
526 761 685 825 abiectus
709 759 859 824 vicarius
883 758 934 822 sic
958 767 1111 822 ornatur.
1141 755 1311 821 Secunda

321 874 361 929 ut
398 866 604 928 sacerdotes
642 864 748 928 medii
785 864 877 926 inter
908 863 1026 926 Deum
1059 871 1095 926 et
1132 863 1310 945 populum

321 976 522 1032 tractentur
536 968 785 1032 honorabilius.
808 967 933 1031 Tereia
956 978 994 1031 ut
1016 969 1172 1049 populus
1194 967 1337 1038 inten-5

322 1073 382 1136 dat
404 1073 512 1137 cultui
529 1074 649 1137 divino
667 1073 918 1137 delectabilius.
934 1072 979 1135 Et
995 1081 1118 1155 quarta
1133 1080 1172 1134 ut
1188 1071 1311 1134 divina

323 1177 542 1240 excellencia
558 1179 804 1242 consideretur
818 1177 854 1240 in
870 1175 1003 1239 fabrica
1014 1195 1077 1238 sua
1087 1175 1309 1258 expressius.

150 1299 260 1342 nonme
321 1281 393 1344 Per
428 1281 581 1345 tunicam
619 1282 761 1364 quidem
799 1281 924 1344 lineam
971 1281 1092 1343 dicunt
1137 1281 1310 1344 doctores

110 1358 273 1464 sniiiymssiiii
288 1386 463 1468 offigurari
495 1396 623 1450 terram
656 1406 735 1449 cum
767 1385 839 1448 suis
873 1385 1101 1449 ornamentis:
1135 1385 1310 1448 Baitheus

124 1458 161 1499 ¹¹¹⁰
177 1467 291 1498 universe.
321 1490 434 1573 ligans
457 1491 547 1552 hanc
569 1489 723 1553 tunicam
746 1489 917 1574 figuratur
940 1509 1139 1553 occeanum.
1171 1487 1312 1550 Tunica
1326 1521 1356 1556 10

321 1592 507 1657 iacinctina
528 1594 671 1657 racione
695 1593 825 1657 coloris
849 1593 967 1676 signat
990 1613 1115 1658 aerem.
1151 1592 1198 1655 Et
1227 1600 1310 1674 tyn-

321 1698 479 1760 tinabula
511 1718 589 1760 cum
620 1698 867 1782 malogranatis
900 1705 1024 1761 notant
1050 1696 1203 1760 tonitrua
1228 1716 1310 1760 cum

323 1802 397 1864 aliis
420 1802 511 1864 aeris
533 1801 837 1884 impressionibus.
862 1801 1012 1883 Quidam
1028 1812 1145 1865 autem
1168 1809 1312 1883 ponunt

321 1907 501 1968 baltheum
513 1905 713 1988 cingentem
723 1907 813 1969 hanc
829 1906 981 1969 tunicam
998 1906 1150 1991 figurare
1167 1925 1311 1987 speram

323 2010 414 2093 ignis
438 2010 640 2092 cingentem
663 2031 791 2087 aerem,
814 2011 1103 2092 superhumerale
1121 2031 1200 2073 cum
1222 2009 1356 2079 mci-15

324 2115 415 2177 onali
438 2115 506 2177 sibi
521 2115 641 2178 iuncto
659 2115 776 2199 signat
793 2117 905 2178 celum
923 2117 1113 2193 ethereum,
1137 2123 1174 2178 et
1196 2114 1311 2177 multi·

324 2220 410 2281 tudo
427 2221 584 2282 colorum
602 2219 841 2282 diversitatem
859 2221 1045 2286 stellarum.
1068 2221 1149 2282 Duo
1170 2218 1312 2301 lapides

325 2322 478 2385 onichini
501 2324 645 2406 signant
668 2325 738 2387 duo
759 2324 941 2386 luminaria
963 2344 1089 2408 magna
1121 2324 1198 2404 celi,
1222 2324 1312 2386 duo·

325 2428 438 2489 decim
454 2448 594 2510 gemme
609 2428 645 2490 in
660 2429 824 2492 racionali
840 2429 982 2512 signant
997 2429 1185 2492 duodecim
1209 2428 1315 2510 signa

324 2532 467 2612 zodiaci,
487 2535 491 2612 Ι
511 2532 547 2594 in
579 2532 708 2614 quibus
741 2543 824 2596 sunt
856 2533 1017 2596 raciones
1049 2533 1196 2595 istorum
1229 2534 1312 2594 sub·
1345 2549 1404 2598 232t

324 2637 509 2716 lunarium;
542 2639 636 2700 unde
660 2638 736 2700 Yob
759 2637 982 2700 XXXVIII:
1015 2637 1191 2718 Numquid
1222 2638 1314 2699 nosti

324 2743 481 2804 ordinem
504 2742 611 2804 celiel
630 2761 739 2822 pones
760 2743 936 2805 racionem
952 2743 1026 2805 eius
1047 2743 1083 2804 in
1106 2741 1225 2805 terra?
1240 2741 1314 2803 Per

325 2845 460 2908 mitram
496 2865 581 2907 vero
613 2845 786 2928 figuratur
818 2846 929 2908 celum
963 2845 1157 2928 empireum
1186 2854 1223 2909 et
1245 2866 1314 2928 per

325 2950 484 3013 laminam
523 2969 661 3012 auream
708 2950 869 3012 dominus
914 2950 1103 3032 presidens
1148 2951 1313 3014 omnibus

326 3054 506 3118 creaturis.
540 3054 586 3118 Et
616 3054 696 3117 hinc
730 3075 858 3117 nomen
882 3055 1025 3118 Domini
1057 3075 1219 3139 magnum
1242 3055 1358 3118 sibi25

324 3159 532 3222 inscribitur.
558 3159 604 3223 Et
618 3159 699 3222 hinc
717 3160 873 3223 creditur
886 3160 1130 3223 Alexandrum
1146 3179 1314 3243 magnum

326 3265 471 3327 adorare
509 3263 624 3326 Deum
660 3285 811 3346 pronum
848 3265 884 3326 in
922 3273 1059 3345 terram,
1101 3264 1182 3327 dum
1222 3264 1315 3328 vidit

325 3368 472 3431 formam
494 3368 673 3450 pontificis
698 3370 749 3431 sic
781 3369 911 3450 vestiti,
939 3378 978 3432 ut
1000 3378 1118 3432 narrat
1139 3368 1316 3452 Magister

328 3473 584 3536 Historioarum
605 3473 640 3536 in
655 3474 800 3538 historia
816 3475 1090 3537 Machabeorum
1106 3475 1218 3557 primo
1235 3494 1314 3557 cap.

165 3587 268 3683 Ceruin1
372 3577 572 3640 Notandum
596 3587 713 3641 autem
737 3579 835 3661 quod
868 3579 1112 3642 sacerdotibus
1135 3577 1315 3641 inferioris
1327 3592 1361 3641 30

113 3653 310 3800 reffigffriifflhe
327 3681 461 3744 ordinis
493 3702 564 3745 non
598 3682 699 3745 datur
730 3682 849 3745 tunica
879 3682 1067 3745 iacinctina
1097 3702 1164 3745 nec
1188 3701 1314 3764 super·

282 3777 287 3790 '
326 3786 503 3848 humerale
536 3806 601 3848 nec
632 3785 809 3849 racionale
843 3807 910 3849 nec
941 3786 1070 3849 lamina
1101 3806 1215 3861 aurea,
1248 3788 1317 3849 sed

327 3890 394 3953 soli
411 3911 546 3953 summo
562 3891 733 3973 pontifici,
758 3892 851 3955 sicut
865 3893 898 3954 in
916 3892 1048 3956 nostris
1065 3891 1316 3955 sacerdotibus

382 4235 421 4270 21.
440 4220 490 4270 Job
513 4220 601 4285 xvlll‚
628 4223 667 4273 33.
749 4237 787 4287 29.
813 4223 936 4286 Magister
960 4223 1145 4281 HistorIarurm
1169 4223 1222 4274 vid.
1246 4223 1317 4276 Petr.

328 4309 444 4358 Comen.
465 4309 481 4356 l.
501 4324 521 4357 c.
