3008 5026
105 367 168 442 380
646 379 815 431 Jounums
835 379 974 429 wucur
1161 362 1246 442 [cm.
1265 373 1313 417 xn

113 549 165 594 rue
175 559 311 596 ornaments
321 539 448 615 lentur,
465 539 508 600 ad
523 557 645 619 regem
659 536 817 619 pertinet
832 545 1067 619 sequestrare.
1083 535 1126 598 In
1136 534 1314 618 scriptura

124 604 292 715 ‘iiihifiiiii
322 640 495 724 siquidem
519 641 649 724 legitur
673 642 718 703 de
742 641 875 723 duplici
897 640 958 703 tali
980 639 1172 722 privilegio
1197 659 1312 702 sacer·

132 715 284 761 rmpomnce.
321 746 413 809 dotis
431 754 466 807 et
483 754 611 809 cetera.
630 745 797 808 Ieremias
814 744 907 807 enim
925 764 973 806 ex
989 745 1155 806 mandato
1166 743 1312 807 Domini

320 849 493 932 appendit
520 850 564 911 ad
593 851 722 911 collum
751 850 933 911 cathenam
955 849 1119 930 ligneam,
1148 859 1188 911 ut
1212 855 1311 929 patet

318 952 680 1032 JeremieXXVII,et
690 952 970 1036 postsracturam
980 951 1072 1014 illius
1084 953 1235 1016 cathene
1246 967 1332 1034 peri

318 1057 671 1138 pseudoprophetam
688 1056 860 1119 Ananiam
878 1055 1018 1139 accepit
1042 1058 1226 1119 cathenam
1241 1055 1309 1118 ser·

318 1181 424 1240 ream,
448 1168 487 1223 ut
509 1170 610 1242 patet
626 1159 795 1223 XXVIII
812 1161 977 1244 capitulo.
1002 1160 1199 1226 Sedechias
1223 1179 1308 1224 vero

318 1265 639 1348 pseudopropheta
664 1286 830 1329 cesareus
852 1266 943 1331 libro
961 1265 1015 1329 III
1032 1265 1177 1348 Regum
1194 1264 1309 1328 XXII

319 1379 356 1432 et
388 1367 424 1432 II
454 1369 749 1451 Paralipomenon
782 1369 912 1432 XVIII
943 1368 1073 1433 fecisse
1108 1369 1177 1433 sibi
1211 1390 1308 1432 orna·

319 1482 473 1536 mentum
513 1493 560 1534 ex
591 1482 694 1556 parte
728 1473 873 1555 dyaboli
906 1494 1115 1538 concessum
1141 1471 1146 1556 Ι
1171 1475 1217 1536 ad
1248 1473 1308 1536 fin·
1334 1491 1379 1540 255⁴

319 1577 475 1658 gendum
499 1577 728 1642 mendacium.
761 1577 860 1658 Fecit,
888 1577 1013 1659 inquit,
1040 1578 1106 1641 sibi
1129 1575 1309 1641 Sedechias

317 1681 421 1760 filius
439 1680 584 1748 Conaan
600 1700 729 1744 cornua
744 1681 882 1762 ferrea,
905 1688 935 1745 et
957 1683 1021 1745 ait:
1044 1682 1117 1745 Hec
1138 1683 1222 1744 dicit
1236 1681 1305 1747 Do·

319 1786 435 1848 mitius
458 1785 567 1849 Deus:
590 1785 672 1849 Hiis
695 1788 871 1849 ventilabis
895 1787 1042 1866 Syriam,
1070 1789 1176 1850 donec
1197 1788 1310 1850 deleas

319 1909 408 1954 eam.
431 1889 477 1950 Et
500 1909 626 1952 revera
649 1890 740 1952 sieut
764 1898 887 1953 contra
903 1890 1078 1954 Micheam
1095 1898 1196 1953 erant
1211 1890 1309 1953 multi

319 1996 647 2077 pseudoprophete,
680 1994 768 2057 false
799 1995 959 2060 ferentes
993 1996 1094 2079 signa
1124 1995 1344 2072 mendaciio

320 2099 372 2161 sic
400 2106 523 2161 eontra
551 2118 686 2180 paucos
711 2100 917 2163 sacerdotes
942 2099 1073 2164 Christi
1100 2109 1183 2164 sunt
1210 2100 1308 2163 multi

321 2203 456 2266 cesarei
478 2204 587 2285 longe
610 2202 732 2267 falsius
756 2203 914 2266 ferentes
932 2213 1137 2267 ornamenta
1154 2224 1307 2282 cesarea,

320 2308 448 2391 quibus
476 2308 520 2369 de
549 2307 699 2370 victoria
726 2318 849 2372 contra
873 2310 1064 2390 dyabolum
1093 2329 1133 2372 se
1162 2320 1200 2372 et
1225 2329 1307 2374 suos

320 2412 511 2495 decipiunt.
540 2411 626 2476 Cum
649 2413 757 2495 igitur
782 2422 968 2476 cessarunt
995 2413 1029 2476 in
1053 2413 1158 2477 nobis
1181 2412 1309 2496 legalia

318 2516 410 2600 legis
433 2516 577 2592 veteris,
601 2518 772 2579 debemus
797 2519 841 2579 ad
863 2517 1005 2579 moralia
1028 2516 1199 2580 virtutum
1222 2518 1345 2602 figure

319 2630 395 2683 rata
417 2622 602 2684 attendere
632 2632 668 2684 et
691 2621 814 2684 videre
838 2622 924 2704 quid
946 2621 982 2684 in
1006 2621 1146 2685 Christo
1175 2632 1213 2684 et
1237 2621 1308 2686 suis

319 2725 501 2808 discipulis
531 2726 710 2789 invenitur
742 2727 936 2789 secundum
975 2727 1092 2809 legem
1129 2747 1231 2790 suam
1259 2726 1309 2790 in·

320 2831 439 2896 duere.
482 2830 570 2893 Nam
603 2831 695 2894 Psal.
729 2830 905 2907 CXXXI,
938 2853 957 2910 9
992 2851 1058 2913 per
1095 2833 1308 2914 prophetam

320 2934 460 2997 dicitur:
489 2933 688 2999 Sacerdotes
716 2937 788 2999 eius
816 2937 1006 2998 induantur
1028 2936 1215 3000 iusticiam.
1252 2937 1308 2998 De

320 3039 535 3103 ornamentis
559 3051 675 3102 autem
693 3040 937 3123 corporalibus
953 3060 1025 3102 non
1040 3039 1114 3121 legi
1131 3039 1307 3104 Christum
1319 3056 1345 3104 25

321 3145 378 3206 vel
394 3164 478 3206 suos
496 3145 680 3225 apostolos
696 3146 812 3228 legem
829 3143 1088 3226 particulariter
1108 3144 1308 3219 tradidisse,

319 3250 383 3310 sed
420 3249 496 3311 siue
529 3248 752 3312 dissensione
779 3250 838 3310 vel
872 3249 1037 3311 scandalo
1070 3268 1164 3311 nunc
1203 3270 1308 3312 unum

319 3362 561 3415 ornamentum
593 3373 685 3415 nunc
719 3352 812 3415 aliud
842 3354 970 3416 leviter
997 3362 1218 3435 acceptasse,
1251 3355 1307 3416 do·

320 3458 434 3519 cendo
459 3478 525 3520 nos
549 3470 586 3521 ut
609 3457 777 3520 faciamus
802 3457 969 3524 similiter.

364 3565 539 3636 Quantum
559 3562 667 3644 igitur
686 3563 729 3624 ad
749 3562 936 3644 privilegia
947 3571 1235 3626 ornamentorum
1248 3565 1307 3626 de·
1319 3580 1346 3630 30

319 3669 381 3729 bet
393 3666 601 3729 christianus
613 3667 691 3748 ipsa
708 3669 891 3729 attendere
904 3668 1004 3749 quasi
1019 3677 1146 3730 neutra
1163 3679 1200 3730 et
1212 3668 1307 3730 nullo

319 3774 424 3835 modo
448 3775 716 3855 preponderare
739 3773 796 3834 illa
813 3773 886 3836 suis
903 3773 1062 3855 signatis,
1087 3773 1226 3837 scilicet
1241 3773 1307 3836 vir·

372 4097 409 4142 23.
424 4097 500 4141 codd.
520 4099 543 4140 ln
564 4110 649 4152 nuru:
667 4100 811 4142 Ornumcula
830 4099 976 4143 clerr'corum.
1030 4098 1070 4144 32.
1085 4099 1162 4144 Codd.
1180 4101 1205 4145 lu
1220 4113 1307 4157 marga

319 4167 473 4222 Dtrpensacio
486 4168 518 4210 ad
530 4168 672 4211 clericatum.

370 4309 394 4363 s.
414 4309 454 4360 111.
474 4310 633 4375 Reg.xxl1,
657 4327 695 4363 ιι.
