3008 5026
107 420 168 479 ³94
655 413 826 463 Jouuuuls
845 412 985 463 wvcmr
1161 393 1246 483 [cur.
1265 410 1313 455 su.

325 572 436 654 Caput
469 590 617 650 narrrque
647 572 873 633 subiectorum
907 575 936 632 cl
967 572 1057 634 oculi
1089 578 1172 635 sunt
1204 573 1315 634 cuncti

112 673 296 769 ¹³³¹⁸gflfffj¹l⁰¹¹
321 680 379 758 qni
403 682 558 758 presunt„
597 675 642 737 Et
670 675 750 737 hinc
779 675 934 738 creditur
967 677 1065 756 quod
1094 676 1209 739 dotati
1231 686 1312 739 sunt

109 778 306 886 mg'ylg‘gg'ecgfom
322 782 453 844 exinde
480 800 579 844 more
602 779 832 861 peccancium
857 781 902 842 ad
926 781 1203 843 contradictoria
1228 781 1312 843 obli·

106 883 403 979 δῄξζξξξὴῐζζιξξῑδςαῑί.
435 887 617 948 Tenentur
650 884 740 946 enim
773 884 916 947 racione
944 886 1199 968 superaccepti
1230 885 1312 948 doni

144 988 281 1093 'clfflb'lffgf
322 1012 343 1052 a
369 990 488 1053 mundi
516 989 737 1071 principibus
766 988 914 1070 amplius
943 989 1077 1052 servire
1105 989 1176 1053 illis
1209 998 1333 1071 quams

158 1092 253 1136 ΜΟ·
320 1095 430 1177 prius,
462 1104 499 1157 et
527 1096 661 1156 debent
689 1093 803 1156 minus
834 1095 1017 1158 deservire
1046 1095 1109 1170 eis,
1139 1114 1220 1158 cum
1242 1114 1310 1158 non

320 1199 558 1262 illuminantur
583 1220 628 1261 ex
652 1199 869 1280 accepcione
894 1199 1140 1281 temporalium
1166 1200 1231 1261 sed
1258 1218 1310 1261 ce·

321 1314 443 1366 cantur
474 1312 511 1363 et
541 1322 607 1383 per
638 1312 720 1364 ante
754 1303 966 1364 tenebantur
998 1302 1134 1365 servire
1162 1302 1232 1365 illis
1261 1322 1310 1366 se·

320 1407 473 1469 cundum
496 1415 610 1468 totum
633 1406 812 1487 ingenium
829 1407 888 1468 vel
912 1408 1053 1480 donum,
1082 1409 1181 1488 quod
1198 1426 1217 1469 a
1233 1406 1309 1469 Deo

320 1512 508 1586 habebant,
541 1510 622 1592 quia
650 1510 685 1571 in
714 1520 791 1572 toto
820 1511 880 1571 illo
910 1510 962 1572 eis
990 1511 1167 1592 proficere
1196 1530 1290 1592 quoa
1323 1535 1346 1568 1⁰

321 1615 447 1691 Deum,
480 1624 517 1677 et
550 1614 641 1677 aliud
665 1615 876 1676 mundanum
901 1634 941 1676 ac
964 1616 1100 1696 laycale
1124 1615 1310 1678 servicium

321 1728 377 1782 est
392 1717 651 1781 abhominabile
668 1717 818 1780 dominis
835 1729 871 1780 et
887 1719 941 1781 sui
957 1718 1072 1781 meriti
1089 1719 1310 1781 tardativum.

321 1823 408 1886 Cum
425 1823 533 1904 igitur
548 1832 715 1885 tenentur
730 1824 863 1883 habere
881 1823 1030 1903 aliquam
1046 1823 1311 1904 providenciam

322 1937 358 1988 et
373 1926 674 2009 gubernacionem
692 1926 784 1987 circa
800 1928 895 1987 bona
911 1928 1040 1989 collata
1055 1936 1093 1989 et
1113 1926 1311 2008 ingeniacio

323 2051 387 2094 sua
409 2031 455 2093 sit
478 2041 612 2092 tantum
636 2030 743 2103 finita,
767 2030 909 2092 videtur
925 2032 1021 2112 quod
1038 2040 1185 2112 oportet
1201 2031 1312 2112 ipsam
1325 2038 1347 2089 25

322 2136 440 2217 quoad
478 2134 666 2197 servicium
705 2134 921 2196 meritorium
962 2144 1046 2215 post
1083 2135 1313 2197 dotacionem

322 2239 476 2313 diminui,
501 2257 579 2301 cum
605 2238 735 2300 exinde
760 2238 876 2309 fracta¹
894 2239 941 2301 sit
961 2248 997 2301 et
1013 2238 1209 2303 debilitata.
1233 2238 1315 2320 quia

323 2345 416 2407 circa
442 2344 615 2406 contraria
639 2356 694 2404 est
717 2343 887 2424 dispersa.
911 2344 955 2406 Et
978 2346 1046 2406 hoc
1066 2343 1226 2406 creditur
1242 2363 1314 2407 mo·

322 2449 418 2511 visse
446 2450 632 2530 apostolos
666 2447 895 2509 constituisse
925 2448 1108 2528 dyaconos
1141 2450 1189 2510 ad
1219 2447 1316 2510 mini·

323 2554 502 2616 strandum
532 2552 674 2614 mensis.
703 2551 877 2632 apostolis
904 2550 993 2633 ipsis
1022 2552 1293 2615 intendentibus
1310 2553 1353 2634 μυ

322 2660 436 2720 verbo
460 2656 539 2735 Dei,
569 2666 607 2718 ut
634 2656 766 2736 legitur
791 2656 869 2718 Act.
892 2655 954 2720 VI.
992 2655 1038 2717 Et
1069 2675 1198 2718 revera
1229 2655 1317 2719 illud
1343 2663 1380 2729 2551

323 2781 519 2825 mensarum
548 2761 775 2822 ministerium
810 2759 952 2823 videtur
979 2762 1112 2822 habere
1144 2759 1318 2822 maiorem

322 2865 499 2927 racionem
523 2863 638 2926 meriti
666 2884 768 2945 quam
791 2863 985 2944 occupacio
1011 2883 1080 2944 qua
1096 2865 1210 2926 dotati
1234 2873 1320 2927 sunt

324 2971 418 3032 circa
445 2969 653 3050 temporalia
681 2979 802 3050 preter
832 2968 1030 3030 necessaria
1055 2970 1233 3048 occupati.
1273 2969 1318 3031 Et

324 3095 370 3136 ex
408 3074 485 3137 istis
530 3073 671 3135 videtur
714 3074 809 3153 quod
849 3073 942 3134 sicut
989 3072 1099 3135 dotati
1142 3074 1187 3134 ad
1226 3081 1357 3135 onuszi

324 3181 555 3260 dampnosum
584 3177 729 3259 spiritus
757 3185 966 3258 receperant
999 3176 1203 3257 coniugium
1237 3197 1319 3240 cum

324 3282 581 3364 temporalibus
597 3297 868 3355 monstruosum,
892 3279 943 3343 sic
968 3282 1133 3343 dotantes
1158 3301 1208 3342 ex
1231 3301 1321 3344 ceca

325 3389 458 3470 pietate
487 3385 779 3467 dampnificarunt
807 3386 926 3448 ambas
957 3395 1079 3466 partes
1103 3384 1319 3449 altrinsecus

325 3493 458 3554 directe
483 3492 527 3552 ud
551 3489 762 3551 contrarium
786 3489 910 3552 meriti.
939 3490 1035 3570 quod
1064 3490 1173 3551 stulte
1203 3489 1320 3552 inten-

121 3612 299 3669 suuugoufs
325 3599 457 3658 derant.
495 3594 599 3656 Unde
633 3593 788 3656 creditur
821 3597 962 3655 beatum
996 3594 1211 3675 Gregoriunr
1245 3604 1362 3657 noulo

111 3667 295 3775 ‚⁸¹25r.‘1'l{l'‹'u'}f'
325 3707 489 3764 obstante
529 3698 719 3759 reliccione
758 3698 873 3759 tocius
898 3697 1108 3778 patrimonii
1137 3699 1238 3778 quod
1267 3719 1319 3760 re·

111 3769 305 3861 '''”⁰¹‘'fl..*“'¹'‘¹¹
324 3807 483 3886 liquerat,
508 3806 641 3865 habens
659 3802 774 3865 onmia
796 3803 830 3863 in
856 3802 1041 3879 communi,
1062 3822 1128 3863 nec
1145 3804 1319 3867 obstante

324 3908 516 3971 humilitate
544 3918 618 3970 tota
645 3928 687 3970 ae
717 3908 887 3988 parcitate
911 3916 995 3988 post
1022 3905 1193 3991 pinguem
1218 3907 1319 3972 dota·

326 4014 462 4076 cionem
491 4012 653 4088 ecclesie,
682 4031 748 4073 nec
777 4014 944 4073 obstante
972 4019 1049 4073 tota
1076 4011 1321 4092 suspensione

378 4286 413 4330 30.
435 4288 511 4330 (ΝΔ.
532 4289 554 4329 iu
575 4300 660 4339 maru:
685 4288 837 4330 Dolucr'onem
856 4291 951 4328 sanctus
970 4285 1102 4340 Gregorius
1122 4285 1252 4330 admittens
1273 4298 1322 4330 non

325 4363 449 4398 excreatur
463 4359 518 4411 quru
533 4363 613 4410 peccat
628 4357 755 4400 veniulrler.
827 4355 852 4397 ³1.
869 4354 958 4398 codd:
971 4353 1147 4409 patrimonium.
